2858 4559
98 102 320 133 Avril 2

475 102 2322 141 On met en place les statues de martyrs St Etienne & St Marcel dans les

433 212 2348 114 niches des contreforts extrêmes de la facade. le 1er au contrefort de la tour du nord à

418 303 2394 122 l'angle de la rue du cloitre le 2e à celui de la cour du sud près de l'entrée des chantiers

349 402 65 259 3

459 398 2349 122 Visite de Mgneur l'Archevèque de Paris qui donne une somme de 100 fr

463 493 2299 141 pour distribuer aux ouvriers travaillant dans les chantiers de la cathédrale.

596 607 1140 103 Cette somme a eté ainsi répartie :

1033 687 643 126 tailleurs de pierre

1938 687 102 129 62

1045 786 300 122 Scieurs

1942 813 125 83 4

2173 797 152 145 96

1029 892 726 137 Compagnons & garçons

1926 881 95 118 30

1018 1002 677 99 Serruriers & peintres

1961 972 64 118 6

1064 1105 345 80 Marbriers

1942 1109 91 95 10

2177 1078 126 114 42

1033 1177 472 103 Charpentiers

1926 1170 107 129 26

1562 1257 281 114 total

2158 1272 517 110 138 ouvriers

307 1265 118 216 3

433 1356 2390 133 On échafaude le deuxième bas coté de la nef nord pour la reprises et

478 1462 2338 129 le grattage des voutes. on fait la sculpture des deux angles de la cloture

425 1550 2410 136 en pierre du choeur nord & sud qui ont été repportés. On continue le grattage

421 1645 1737 136 du gros pilier du transept nord à l'angle de la nef.

334 1740 76 170 7

440 1755 2360 125 On a posé les sabliers du plancher en bois destiné à supporter le carrelage

402 1842 2398 137 du bas coté du triforium de la nef nord : on poursuit les travaux []

406 1960 2391 121 de morceaux de pierre dans les tympans des arcs ogives aux deux travées du

425 2036 1053 129 transept nord coté du choeur.

307 2135 92 117 10

478 2157 2330 107 On poursuit le voligeage des pénétrations et des noues du grand comble

444 2249 2364 83 à l'endroit de la flèche. Continuation des travaux de marbrerie du sanctuaire

319 2336 91 106 13

456 2325 2352 121 On rajoute les deux figures dans les niches des contreforts placés de chaque

429 2439 1307 102 coté de la porte centrale sur la façade.

304 2515 95 106 16

456 2511 2367 110 On continue la sculpture de l'angle de la cloture en pierre du choeur sud

418 2606 2322 133 sur le bas coté. On poursuit le grattage et le rejointement du gros pilier

387 2701 1334 129 d'angle de la nef nord et du [transept].

307 2830 95 209 19

475 2803 2314 133 suite des travaux de reprise des tympans au dessus des arcs ogives des deux

440 2910 2379 98 travées collatérales du transept nord coté du choeur : on rapporte par incrustement

414 2993 2386 148 les morceaux formant les gables des pignond et les ouvertures aveugles qui décorent

421 3088 2379 118 les tympans. On monte la grande clef de la voute centrale au dessous de la flèche

319 3202 68 95 21

437 3195 2386 114 On monte un echafaudage en boucle au dessous de la galerie de la []

399 3286 2417 133 la faude pour la reprise et le rejointegement des parements formant tapisserie.

307 3385 84 220 24

459 3381 2349 125 On pose les solives en fer pour le plancher dans la galerie du triforium

406 3472 2368 141 de la nef nord. On continue la reprise des pignons qui surmontent les fenetres

402 3567 2353 110 exterieures des chapelles dans le choeur nord (2 1ères travées près du transept.)

296 3654 99 122 26

475 3669 2352 126 On termine le grattage et le rejointegement du gros pilier à l'angle du transept

410 3772 2368 114 nord et de la nef. Suite des travaux de marbrerie du sanctuaire : on fait une

421 3859 1771 118 aire dans le choeur pour le tracé du dallage en marbre.

296 3924 103 251 28

395 3947 2428 125 On termine le voligeage, des portions du grand comble et des noues à l'intersection

383 4049 2433 114 de la croisée. on fait le ravalement des créatures qui décotent les tympans au

383 4144 2227 118 dessus des arcs ogives des deux collatereux du choeur dans le transept nord.

319 4220 72 122 30

429 4236 2402 136 On commence les préparatifs pour monter le grand échafaudage du transept sud
