2858 4559
106 7 217 95 1860

114 113 2660 149 Avril.16. les travaux de dallage en marbre du Choeur se pourssuivent, ainsi

456 227 2299 95 que ceux des chapelles basses de la nef Nord. on monte les petits

448 319 2375 102 echafaudages légers ulairles nours du grand comble pour la plomberie des

429 417 2379 103 quatre grandes contrefiches de la flèche formant quaduns destinés à recevoir

475 505 2295 118 les figures des apôtres. pose des chevrons de la charpente dese travée de la nef

349 596 2425 122 18 on a commencé le grattage des voutes hautes du transept sud au moyen

391 699 2387 117 de l'échafaudage du transept Nord qui a été remonté. on pose la serrure des

421 790 1513 114 fenetres hautes du transept Nord face Est

342 889 2481 102 20 les travaux de charpente et de colgenge se poursuivent sur le grand Emble

437 987 2382 99 au dessus de la derniere travée de la nef et de la première du choeur. la dépose

406 1071 2140 129 dela chengunleS Sere truvee) du tramoegs Pud se poursait de p

319 1189 110 95 582

471 1185 2307 95 Enmrcreestansent ls Jurtresis de ta ruésorie au Fesses d

433 1276 2360 103 dela gerte deli Jacade au Fossins dela tour du Pru Stt Emoni à la Sacristie

342 1375 2394 110 9 n la pu la D imsrbre dens. Es chgelie bore

433 1466 1672 91 del ac du Prad celeur ddu chuiceer

345 1569 73 133 27

456 1565 2367 102 le Vilezage det tuvié de Fhiorgete a dossus dela 1ere tuvie da chuenr ent Tronie

433 1667 2356 92 Ami Jue le pose s cheneurr l'ei cinsnene c envlom 6. ds

467 1759 2261 110 le Vr Gyeage pur la tuvié de chorente a Carsin deli sef ges les ponsui

414 1869 2379 98 en.t Emsone sne à Garsiir enplomt les Entrefiches frrinent gradens à l'intersectiir

406 1945 411 98 des Cmtles

338 2062 91 92 20

452 2047 2341 103 In a tmnniné le geese dae Venires dM Morechul a l Arvis ce haute deli

418 2146 2173 95 Vre Pruvee du chieur Sud amon eue lelie dela pretite dosepVaicé au de

425 2233 2303 103 Entommntiir da Juirage des Ventes par les du tinnet Pud er Cessse de-

440 2340 2330 91 Le chugsente au dessuer. Votrerie Ces ocits Pr Foubossement delaFleche

15 2420 2808 117 Peptambrez, p. enr Emtissue l Jusedadallage clles Chaelles benis dele Nef Pno

440 2530 2379 87 en Eimmisie Clir du Chieur, et l'i im meuic les Eucurils de Felloge Can

429 2621 1418 99 Es bas Cotes qees pourtourment le domtaaire

342 2708 2477 110 4ere psssioit aa Pause delajarade du Errmsys Pud am dele chogien

437 2811 2386 106 M Tesnsisé la puse des chevims et die Volicene Rru dissers dela Permere

440 2906 2379 102 Anvée dela Nef pose du terrires delae rose et dels p le Crvisée Au Pessus Cté Tond Ch

452 3001 2356 110 Entometior des Emano de JelomnPerre pour renâtir les quotre EntreSictre

266 3031 79 61 3

406 3100 2421 102 delaFecte SAmnnt gr Du dans le mue du Combles. por des venrière

418 3195 2394 106 les Jutite roses gua des fes etres6e, summenvent sur la Jace 22 du

440 3290 567 95 trinsert Prord.

323 3388 98 145 10

440 3392 2387 103 de grvrage Et rostes hantes du trums St e s poursens, ains que

437 3483 2371 111 Le Pegose les Jales ge ftanguent le per la Corsscitre fosment Jussage

410 3571 1148 106 reu dessin dele Eosedu tronssest Sud

311 3673 2508 107 12 E Emsoneusce ae flimberie dee le gartie de cherrende qur a ete lefaite

433 3780 2398 98 au Pisses deli poennère tiniée dr chieur ,; les snsivers Pususent l'ectiofande

421 3867 2395 110 det le 20 Ntocemsent Ce l fai inteneure du Tronssest Sul

421 3954 654 114 du Cti dett Pref.

292 4057 110 141 513

440 4053 2379 103 A pemsmrs actriement la Déposedela fainne du tronseysPid, en

429 4148 2387 110 Coe demoute le gronide Tose entrale: les choquentiers Fillfiorent le

440 4247 2254 103 levage des fermes Pela Chargente neuve pour Euvrir le tronet Pud

2671 3 160 118 5.83
