2858 4559
3 4232 320 91 mort de Mr.

7 4331 319 79 Durand, entr

15 4395 327 95 de plomberie

72 98 235 129 1860

418 98 703 133 nord du choeur.

60 205 266 136 Janvier 30

399 205 2417 125 On termine la construction du hangar en charpente dans la

418 319 2398 102 partie chantier de la rue du cloitre pour le tracé de l’équerre

399 414 1402 102 de la grande rose du transept sud.

64 493 335 122 février 1

444 509 2292 98 Pose de la balustrade et des pinacles qui surmontent la terrasse

402 604 2395 106 de la première chapelle basse du choeur nord à l’angle du transept

425 702 2402 103 sur la rue du cloitre. construction d’un plancher au dessous des cloches

357 805 1296 91 dans le beffroi de la tour du nord.

334 892 53 80 3

444 881 2337 106 Montage des bois pour le ... de la charpente du grand comble

410 991 2273 103 on pose les … dans les quatre angles rentrants formés par

418 1094 2363 95 l’intersection des combles, de chaque coté du grand saillant destiné

421 1185 779 110 à recevoir les figures.

307 1261 65 110 4

421 1284 2341 87 Continuation des travaux du choeur : mise en place des petites

421 1375 2330 106 colonnettes du sanctuaire destinée à porter les figures d’anges en

406 1477 2364 88 bronze enduit de la 5e colonne du choeur sud engagée dans la

402 1572 2395 95 en pierre - grattage du pilier d’angle du transept sud et du choeur

304 1641 57 167 6

459 1641 2303 144 on a terminé le grattage et le … des trois travées de

402 1770 2357 83 voutes du bas coté sud du choeur : on commence la même opération

402 1857 2398 99 aux deux premières travées du triforium du choeur donnant sur le

425 1948 2311 111 transept sud on termine les voutes hautes du transept nord

304 2051 79 95 8

440 2062 2269 95 aujourd’hui mercredi à 4h un garçon maçon + préparé a la mécanique

421 2157 2341 95 pour le montage des matériaux s’est laissé tomber du plancher haut

402 2237 2372 107 haut près de la rose du transept sud et a été tué sur le coup (+ Jean Benoit)

300 2355 87 72 10

429 2347 2292 92 On pose les ferrures des petites roses qui éclairent la galerie du

418 2427 2291 99 triforium du choeur coté du sud. on termine celle de la 1ere fenetre

414 2518 1121 95 haute du choeur coté du nord

296 2629 84 72 11

425 2617 2375 99 On commence la première couche de badigeon sur les voutes hautes du

418 2712 2382 106 transept nord qui ont été reprises et … . on termine l’enduit

402 2822 2258 91 de la 5e colonne du choeur nord à l’angle de la cloture en pierre.

296 2853 99 148 13

418 2906 2409 114 On commence à échafauder la galerie du triforium de la nef nord

391 3012 2398 103 pour le grattage et le … des voutes. on termine le ravalement

399 3103 2219 103 et la sculpture des … dans les chapelles basses de la nef nord.

296 3187 72 110 14

437 3187 2303 114 On met en place les statues d’anges en bronze sur les colonnettes du

425 3305 2299 83 sanctuaire : on commence la pose des piédestaux en marbre destinés

425 3388 1870 103 à supporter les statues de Louis XIII et Louis XIV.

323 3487 68 88 16

406 3487 2387 95 On continue le …dement de la chapelle du grand comble à l’endroit

383 3582 2387 95 de la croisée avec la base de la flèche. on pose les pierres de raccord avec les...

440 3685 2311 91 on poursuit les travaux de marbrerie du sanctuaire : on

323 3685 72 159 18

406 3776 2349 99 commence à poser les marbres de revêtement sur le piedestal qui supporte

437 3875 1987 98 le groupe en marbre placé dans la travée centrale du fond.

307 3970 73 72 20

444 3966 2288 95 Continuation du grattage du gros pilier du transept a l’angle du

433 4053 2276 103 chœur sud et des premières travées de voutes du triforium du choeur donnant

433 4156 2295 102 sur le transept sud : on termine la pose des ferrures des petites roses

429 4243 1760 118 qui éclairent la galerie du triforium du choeur sud
