<?xml version="1.0" encoding="UTF-8"?>
<alto xmlns:xsi="http://www.w3.org/2001/XMLSchema-instance"
      xmlns="http://www.loc.gov/standards/alto/ns-v4#"
      xsi:schemaLocation="http://www.loc.gov/standards/alto/ns-v4# http://www.loc.gov/standards/alto/v4/alto-4-2.xsd">
  <Description>
    <MeasurementUnit>pixel</MeasurementUnit>
    <sourceImageInformation>
      <fileName>Notre_Dame_git.pdf_page_1.png</fileName>
      
    </sourceImageInformation>
  </Description>
  
  <Tags>
    <OtherTag ID="BT2" LABEL="Main" DESCRIPTION="block type Main"/><OtherTag ID="BT4" LABEL="Illustration" DESCRIPTION="block type Illustration"/><OtherTag ID="BT1411" LABEL="folio" DESCRIPTION="block type folio"/><OtherTag ID="BT1412" LABEL="année" DESCRIPTION="block type année"/><OtherTag ID="BT1453" LABEL="Marge" DESCRIPTION="block type Marge"/>
    
  </Tags>
  
  <Layout>
    <Page WIDTH="2858"
          HEIGHT="4559"
          PHYSICAL_IMG_NR="0"
          ID="eSc_dummypage_">
      <PrintSpace HPOS="0"
                  VPOS="0"
                  WIDTH="2858"
                  HEIGHT="4559">
        
        <TextBlock HPOS="460"
                   VPOS="121"
                   WIDTH="2398"
                   HEIGHT="4267"
                   ID="eSc_textblock_da9a92bd"
                   TAGREFS="BT">
          <Shape><Polygon POINTS="1835 121 2295 227 2732 197 2793 258 2823 801 2747 892 2778 1257 2838 1322 2858 3261 2823 3309 2702 3343 2808 3373 2838 3464 2778 4342 506 4388 460 587 506 293 506 278 506 121"/></Shape>
          
        </TextBlock>
        
        <TextBlock HPOS="425"
                   VPOS="3865"
                   WIDTH="30"
                   HEIGHT="157"
                   ID="eSc_textblock_0be1f763"
                   TAGREFS="BT">
          <Shape><Polygon POINTS="425 3992 455 3865 455 4022"/></Shape>
          
        </TextBlock>
        
        <TextBlock HPOS="465"
                   VPOS="1072"
                   WIDTH="41"
                   HEIGHT="16"
                   ID="eSc_textblock_5b3f2a2e"
                   TAGREFS="BT">
          <Shape><Polygon POINTS="465 1072 486 1088 506 1077 506 1072"/></Shape>
          
        </TextBlock>
        
        <TextBlock HPOS="248"
                   VPOS="25"
                   WIDTH="222"
                   HEIGHT="107"
                   ID="eSc_textblock_d69bf11b"
                   TAGREFS="BT1411">
          <Shape><Polygon POINTS="248 25 248 132 470 132 470 25"/></Shape>
          
        </TextBlock>
        
        <TextBlock HPOS="121"
                   VPOS="202"
                   WIDTH="5"
                   HEIGHT="16"
                   ID="eSc_textblock_9e5a114d"
                   TAGREFS="BT">
          <Shape><Polygon POINTS="126 202 126 218 121 218 121 202"/></Shape>
          
        </TextBlock>
        
        <TextBlock HPOS="410"
                   VPOS="212"
                   WIDTH="116"
                   HEIGHT="6"
                   ID="eSc_textblock_5dbc44bf"
                   TAGREFS="BT">
          <Shape><Polygon POINTS="526 218 526 212 410 212 410 218"/></Shape>
          
        </TextBlock>
        
        <TextBlock HPOS="0"
                   VPOS="124"
                   WIDTH="484"
                   HEIGHT="4399"
                   ID="eSc_textblock_da9e5918"
                   TAGREFS="BT">
          <Shape><Polygon POINTS="0 155 22 4523 483 4491 484 124"/></Shape>
          
        </TextBlock>
        
        <TextBlock HPOS="51"
                   VPOS="2433"
                   WIDTH="369"
                   HEIGHT="243"
                   ID="eSc_textblock_223c4fdf"
                   TAGREFS="BT4">
          <Shape><Polygon POINTS="51 2433 51 2676 420 2676 420 2433"/></Shape>
          
        </TextBlock>
        

        
        <TextBlock ID="eSc_dummyblock_">
          
          
          <TextLine ID="eSc_line_2e62f82e"
                    
                    BASELINE="269 94 319 94 444 94" 
                    HPOS="258"
                    VPOS="0"
                    WIDTH="182"
                    HEIGHT="132">
            <Shape><Polygon POINTS="266 91 266 0 440 18 440 91 440 121 319 132 315 132 315 132 315 132 311 132 311 132 258 110"/></Shape>
	    <String CONTENT="28"
                    HPOS="258"
                    VPOS="0"
                    WIDTH="182"
                    HEIGHT="132"></String>
          </TextLine>

          
          
          <TextLine ID="eSc_line_981610d5"
                    
                    BASELINE="106 216 429 216" 
                    HPOS="106"
                    VPOS="110"
                    WIDTH="323"
                    HEIGHT="125">
            <Shape><Polygon POINTS="106 186 106 151 174 110 247 110 262 125 288 110 338 151 429 151 429 227 262 235 178 216 106 235"/></Shape>
	    <String CONTENT="1560."
                    HPOS="106"
                    VPOS="110"
                    WIDTH="323"
                    HEIGHT="125"></String>
          </TextLine>

          
          
          <TextLine ID="eSc_line_c0fda7a2"
                    
                    BASELINE="513 208 2063 220" 
                    HPOS="509"
                    VPOS="117"
                    WIDTH="1554"
                    HEIGHT="118">
            <Shape><Polygon POINTS="513 178 513 132 535 155 638 155 680 117 858 117 908 155 946 140 984 155 1064 125 1098 148 1143 129 1178 159 1326 159 1356 136 1387 159 1459 121 1573 163 1645 163 1733 125 1828 151 1995 125 2018 144 2040 129 2059 140 2063 189 2059 235 1983 220 1809 220 1752 235 1592 220 1550 235 1478 216 1425 231 1368 201 1242 201 1204 231 1067 231 1029 216 733 227 699 197 627 197 558 227 509 216"/></Shape>
	    <String CONTENT="1er dimanche - Jour de l&#39;an"
                    HPOS="509"
                    VPOS="117"
                    WIDTH="1554"
                    HEIGHT="118"></String>
          </TextLine>

          
          
          <TextLine ID="eSc_line_6f8a00d6"
                    
                    BASELINE="117 303 2759 311" 
                    HPOS="114"
                    VPOS="224"
                    WIDTH="2645"
                    HEIGHT="114">
            <Shape><Polygon POINTS="117 273 117 231 155 224 212 224 247 254 368 243 421 254 471 227 551 254 665 224 718 254 790 254 828 224 923 254 1041 254 1071 235 1124 254 1246 224 1292 243 1330 224 1409 224 1470 254 1546 231 1638 258 1748 258 1782 227 1805 243 1835 227 1972 227 2029 258 2082 243 2166 258 2249 227 2295 258 2382 227 2436 227 2496 254 2603 227 2645 258 2755 258 2759 281 2755 338 2713 322 2626 338 2546 315 2500 334 2424 315 2375 338 2314 319 2173 315 2132 330 2063 319 2025 338 1805 315 1740 334 1645 334 1626 319 1592 334 1440 338 1406 311 1345 330 1318 311 1212 315 1185 334 1155 319 1113 334 1079 311 984 326 953 311 919 334 820 334 756 311 672 315 649 334 581 311 528 315 509 334 410 319 296 334 258 311 228 334 114 330"/></Shape>
	    <String CONTENT="Janvier 3 Les charpentiers continuent le degré du deuxième"
                    HPOS="114"
                    VPOS="224"
                    WIDTH="2645"
                    HEIGHT="114"></String>
          </TextLine>

          
          
          <TextLine ID="eSc_line_72a0f2a4"
                    
                    BASELINE="520 406 2037 398" 
                    HPOS="516"
                    VPOS="322"
                    WIDTH="1517"
                    HEIGHT="111">
            <Shape><Polygon POINTS="516 376 528 341 562 334 581 349 653 334 672 353 703 338 767 353 801 326 828 353 900 353 919 334 961 349 991 326 1098 326 1113 341 1128 326 1227 326 1318 349 1349 322 1413 322 1455 349 1584 349 1679 322 1695 338 1721 326 1748 349 1786 349 1820 322 1869 349 2010 349 2029 334 2033 368 2014 425 1896 410 1695 425 1676 410 1592 414 1565 391 1402 391 1375 410 1265 406 1223 421 1200 402 1075 421 1007 406 938 425 889 402 820 417 794 402 729 402 710 417 691 402 611 402 577 429 516 433"/></Shape>
	    <String CONTENT="plancher de l’échafaudage de la flèche"
                    HPOS="516"
                    VPOS="322"
                    WIDTH="1517"
                    HEIGHT="111"></String>
          </TextLine>

          
          
          <TextLine ID="eSc_line_00cae779"
                    
                    BASELINE="425 501 475 490" 
                    HPOS="406"
                    VPOS="398"
                    WIDTH="69"
                    HEIGHT="130">
            <Shape><Polygon POINTS="421 497 406 398 459 414 471 486 475 520 421 528"/></Shape>
	    <String CONTENT="5"
                    HPOS="406"
                    VPOS="398"
                    WIDTH="69"
                    HEIGHT="130"></String>
          </TextLine>

          
          
          <TextLine ID="eSc_line_db2dc107"
                    
                    BASELINE="577 497 2819 497" 
                    HPOS="577"
                    VPOS="433"
                    WIDTH="2242"
                    HEIGHT="87">
            <Shape><Polygon POINTS="577 467 585 433 672 467 752 467 786 448 824 459 851 433 931 433 976 455 1018 433 1371 433 1409 467 1501 467 1527 444 1577 448 1600 433 1706 433 1759 467 1843 452 1877 467 2819 455 2819 497 2774 520 2709 505 2512 520 2451 486 2120 486 2086 520 2048 505 2033 520 1907 520 1885 505 1786 520 1759 505 1691 520 1638 505 1554 520 1527 505 1349 520 1314 501 1208 520 1143 501 1026 520 817 501 763 520 695 501 577 505"/></Shape>
	    <String CONTENT="On poursuit les travaux du choeur : grattage des"
                    HPOS="577"
                    VPOS="433"
                    WIDTH="2242"
                    HEIGHT="87"></String>
          </TextLine>

          
          
          <TextLine ID="eSc_line_6fd18dc1"
                    
                    BASELINE="425 596 2819 588" 
                    HPOS="421"
                    VPOS="516"
                    WIDTH="2395"
                    HEIGHT="103">
            <Shape><Polygon POINTS="421 566 421 528 440 520 596 520 646 550 706 520 851 520 915 547 957 520 1010 539 1022 528 1052 550 1083 531 1124 547 1200 528 1269 550 1349 550 1432 520 1467 550 1615 550 1660 547 1691 516 1820 516 1847 539 1896 520 2029 516 2044 531 2124 524 2181 547 2230 528 2272 547 2352 547 2401 524 2443 547 2789 535 2816 558 2812 607 2705 600 2648 615 2588 604 2208 615 2189 600 2113 615 1953 600 1919 615 1888 596 1820 611 1744 600 1729 615 1630 600 1010 600 934 619 467 600 421 619"/></Shape>
	    <String CONTENT="du transept coté du choeur ; enduit des colonnes du sanctuaire."
                    HPOS="421"
                    VPOS="516"
                    WIDTH="2395"
                    HEIGHT="103"></String>
          </TextLine>

          
          
          <TextLine ID="eSc_line_f0deef83"
                    
                    BASELINE="566 691 2770 683" 
                    HPOS="562"
                    VPOS="611"
                    WIDTH="2204"
                    HEIGHT="103">
            <Shape><Polygon POINTS="562 661 562 619 657 638 687 615 729 615 760 638 813 615 847 642 893 642 931 626 961 638 984 615 1007 634 1079 615 1155 642 1288 642 1333 615 1375 642 1512 615 1657 626 1687 611 1702 626 1816 611 1858 638 1976 638 2002 615 2086 638 2116 611 2219 638 2268 623 2337 638 2394 615 2417 638 2466 638 2485 619 2515 638 2762 638 2766 653 2762 676 2565 676 2542 699 2466 710 2230 710 2200 691 2094 695 2075 710 2052 695 2010 710 1976 691 1881 695 1866 710 1664 691 1611 714 1581 695 1417 695 1383 714 1288 714 1242 691 1155 714 1090 691 562 695"/></Shape>
	    <String CONTENT="On continue la reprise partielle des voutes hautes et des au"
                    HPOS="562"
                    VPOS="611"
                    WIDTH="2204"
                    HEIGHT="103"></String>
          </TextLine>

          
          
          <TextLine ID="eSc_line_74b1e285"
                    
                    BASELINE="532 786 2808 778" 
                    HPOS="528"
                    VPOS="702"
                    WIDTH="2276"
                    HEIGHT="114">
            <Shape><Polygon POINTS="528 756 532 714 608 706 703 706 752 729 809 706 843 737 877 706 969 706 988 721 1067 706 1102 740 1360 740 1383 721 1417 740 1451 706 1512 706 1565 740 1603 740 1630 721 1698 729 1755 706 1866 721 1892 702 1968 706 2021 733 2109 702 2158 737 2238 737 2295 702 2352 737 2481 737 2508 710 2534 710 2804 748 2804 786 2762 813 2610 797 2546 797 2531 813 2394 797 2280 813 2219 794 2116 809 2052 790 1949 809 1888 790 1850 809 1801 790 1767 813 1657 816 1619 794 1444 790 1421 805 1303 794 1273 816 1235 790 1200 790 1181 809 1083 790 976 790 950 809 813 790 779 816 646 794 611 809 577 794 528 816"/></Shape>
	    <String CONTENT="formerets du transept nord, et les verrières à la troisième"
                    HPOS="528"
                    VPOS="702"
                    WIDTH="2276"
                    HEIGHT="114"></String>
          </TextLine>

          
          
          <TextLine ID="eSc_line_7fa7d0f9"
                    
                    BASELINE="539 877 1596 877" 
                    HPOS="539"
                    VPOS="809"
                    WIDTH="1057"
                    HEIGHT="87">
            <Shape><Polygon POINTS="539 847 604 809 642 839 722 839 752 809 851 839 976 839 1010 816 1056 835 1132 832 1189 809 1219 839 1352 839 1398 809 1596 816 1596 889 1581 896 881 885 539 896"/></Shape>
	    <String CONTENT="travée haute du chevet sud."
                    HPOS="539"
                    VPOS="809"
                    WIDTH="1057"
                    HEIGHT="87"></String>
          </TextLine>

          
          
          <TextLine ID="eSc_line_440cb98e"
                    
                    BASELINE="410 976 456 968" 
                    HPOS="391"
                    VPOS="892"
                    WIDTH="72"
                    HEIGHT="160">
            <Shape><Polygon POINTS="402 945 391 892 440 900 463 1037 429 1052 418 1040"/></Shape>
	    <String CONTENT="9"
                    HPOS="391"
                    VPOS="892"
                    WIDTH="72"
                    HEIGHT="160"></String>
          </TextLine>

          
          
          <TextLine ID="eSc_line_9200708e"
                    
                    BASELINE="539 972 2709 972" 
                    HPOS="539"
                    VPOS="896"
                    WIDTH="2170"
                    HEIGHT="99">
            <Shape><Polygon POINTS="539 942 547 896 608 896 627 915 684 900 703 919 931 896 950 915 984 900 1007 919 1113 896 1223 919 1505 919 1562 896 1622 896 1660 919 1710 896 1736 919 1782 896 1839 919 1926 904 1972 915 1995 896 2113 896 2135 919 2234 896 2249 911 2337 919 2458 896 2489 919 2553 919 2599 896 2648 919 2709 919 2709 976 2664 995 2614 976 2588 991 2455 980 2439 995 2382 995 2367 980 2344 995 2192 995 2166 976 2124 995 2037 980 1862 995 1831 976 1809 995 1778 976 1569 976 1535 991 1444 976 1398 995 1140 995 1079 976 1003 991 946 976 889 991 839 976 638 976 592 991 570 976 539 991"/></Shape>
	    <String CONTENT="On a terminé le grattage le ravalement des travées de voutes"
                    HPOS="539"
                    VPOS="896"
                    WIDTH="2170"
                    HEIGHT="99"></String>
          </TextLine>

          
          
          <TextLine ID="eSc_line_0da1fda9"
                    
                    BASELINE="471 1063 2743 1078" 
                    HPOS="467"
                    VPOS="991"
                    WIDTH="2276"
                    HEIGHT="106">
            <Shape><Polygon POINTS="471 1033 471 1014 539 999 589 1014 687 991 725 1018 763 1002 824 1018 915 991 1029 991 1067 1010 1140 995 1170 1021 1238 1018 1276 995 1314 1021 1630 1010 1668 1025 1683 1010 1736 1010 1774 1025 1809 1002 1831 1025 1938 1025 1953 1010 1987 1025 2025 999 2067 1014 2173 999 2196 1018 2348 1002 2375 1029 2466 1025 2489 1002 2527 1029 2569 1029 2603 1002 2743 1018 2740 1082 2641 1094 2280 1082 2204 1097 2105 1078 2033 1094 1949 1078 1900 1094 1816 1078 1691 1094 1577 1075 1497 1075 1482 1090 1390 1075 1090 1090 961 1071 889 1086 790 1071 467 1082"/></Shape>
	    <String CONTENT="du bas coté nord du choeur : on échafaude les trois premières travées"
                    HPOS="467"
                    VPOS="991"
                    WIDTH="2276"
                    HEIGHT="106"></String>
          </TextLine>

          
          
          <TextLine ID="eSc_line_2c6dab66"
                    
                    BASELINE="509 1166 2740 1177" 
                    HPOS="505"
                    VPOS="1094"
                    WIDTH="2235"
                    HEIGHT="102">
            <Shape><Polygon POINTS="509 1135 509 1120 554 1105 585 1124 684 1105 725 1124 828 1124 893 1101 950 1097 969 1113 991 1094 1033 1094 1090 1124 1238 1124 1265 1101 1307 1097 1345 1124 1394 1128 1482 1128 1508 1109 1562 1128 1778 1128 1828 1101 1858 1113 1915 1097 1934 1116 2025 1105 2071 1124 2113 1105 2185 1124 2257 1101 2595 1101 2626 1132 2667 1132 2698 1101 2736 1101 2740 1147 2736 1181 2721 1185 2633 1177 2584 1192 2512 1177 2470 1196 2409 1181 2371 1196 2310 1181 2257 1196 2223 1181 2010 1196 1995 1177 1957 1181 1923 1147 1326 1147 1295 1177 1155 1170 1124 1185 1071 1170 1052 1189 988 1189 972 1173 505 1185"/></Shape>
	    <String CONTENT="du bas coté sud pour la même opération ; on fait l’enduit de la"
                    HPOS="505"
                    VPOS="1094"
                    WIDTH="2235"
                    HEIGHT="102"></String>
          </TextLine>

          
          
          <TextLine ID="eSc_line_92686e30"
                    
                    BASELINE="516 1257 2500 1265" 
                    HPOS="513"
                    VPOS="1192"
                    WIDTH="1987"
                    HEIGHT="92">
            <Shape><Polygon POINTS="516 1227 516 1204 558 1200 600 1215 851 1215 904 1192 950 1192 972 1215 1045 1200 1060 1215 1174 1211 1204 1192 1238 1215 1273 1200 1288 1215 1318 1192 1345 1215 1398 1196 1512 1219 1622 1219 1645 1196 1736 1196 1767 1219 1828 1196 1926 1215 2200 1200 2219 1219 2348 1196 2371 1219 2439 1219 2462 1196 2496 1196 2500 1234 2496 1284 2417 1268 1702 1284 1687 1268 1584 1265 1333 1280 1299 1261 1155 1280 1090 1261 661 1280 513 1261"/></Shape>
	    <String CONTENT="4°  colonne du sanctuaire a portée de la travée milieu"
                    HPOS="513"
                    VPOS="1192"
                    WIDTH="1987"
                    HEIGHT="92"></String>
          </TextLine>

          
          
          <TextLine ID="eSc_line_9b082a11"
                    
                    BASELINE="399 1356 471 1348" 
                    HPOS="395"
                    VPOS="1272"
                    WIDTH="76"
                    HEIGHT="95">
            <Shape><Polygon POINTS="395 1325 395 1272 459 1276 471 1360 399 1367"/></Shape>
	    <String CONTENT="11"
                    HPOS="395"
                    VPOS="1272"
                    WIDTH="76"
                    HEIGHT="95"></String>
          </TextLine>

          
          
          <TextLine ID="eSc_line_b12d05bf"
                    
                    BASELINE="539 1352 2827 1363" 
                    HPOS="535"
                    VPOS="1280"
                    WIDTH="2292"
                    HEIGHT="106">
            <Shape><Polygon POINTS="539 1322 539 1295 661 1303 691 1287 832 1303 915 1280 984 1303 1067 1303 1109 1280 1216 1284 1238 1299 1295 1280 1383 1287 1409 1306 1607 1306 1630 1287 1755 1284 2067 1310 2109 1291 2162 1310 2204 1291 2253 1310 2344 1295 2360 1306 2379 1287 2443 1287 2477 1310 2557 1287 2629 1310 2656 1287 2766 1287 2804 1306 2823 1295 2827 1333 2819 1386 2766 1386 2702 1360 2652 1386 2580 1363 2443 1371 2420 1386 2329 1371 2284 1386 2208 1360 2063 1356 2033 1382 1968 1363 1953 1379 1911 1363 1888 1382 1866 1363 1763 1363 1733 1382 1710 1360 1524 1382 1501 1367 1238 1356 1212 1379 1151 1356 1041 1360 1007 1379 836 1375 809 1360 767 1379 535 1371"/></Shape>
	    <String CONTENT="On pose les petites colonnettes destinées à supporter les statues d’anges"
                    HPOS="535"
                    VPOS="1280"
                    WIDTH="2292"
                    HEIGHT="106"></String>
          </TextLine>

          
          
          <TextLine ID="eSc_line_b9c7bdee"
                    
                    BASELINE="486 1458 2816 1451" 
                    HPOS="482"
                    VPOS="1386"
                    WIDTH="2330"
                    HEIGHT="95">
            <Shape><Polygon POINTS="482 1428 551 1390 634 1394 653 1409 725 1394 805 1417 950 1417 976 1401 1121 1417 1151 1390 1318 1390 1375 1413 1436 1390 1501 1390 1527 1417 1569 1401 1600 1417 1691 1413 1729 1386 1771 1401 1812 1390 1828 1405 1930 1390 1961 1413 2059 1413 2082 1394 2181 1401 2200 1386 2230 1405 2253 1394 2272 1409 2295 1398 2405 1413 2466 1386 2557 1413 2591 1394 2637 1413 2671 1390 2717 1409 2804 1390 2812 1470 2401 1481 1930 1462 1911 1481 1881 1462 1759 1462 1744 1477 1695 1466 1672 1481 1649 1466 1387 1477 1273 1462 1227 1477 1159 1439 763 1439 737 1466 672 1474 657 1458 524 1470 482 1439"/></Shape>
	    <String CONTENT="adossées aux grosses colonnes du sanctuaire on termine la sculpture"
                    HPOS="482"
                    VPOS="1386"
                    WIDTH="2330"
                    HEIGHT="95"></String>
          </TextLine>

          
          
          <TextLine ID="eSc_line_b56675ab"
                    
                    BASELINE="478 1542 2401 1553" 
                    HPOS="475"
                    VPOS="1470"
                    WIDTH="1926"
                    HEIGHT="106">
            <Shape><Polygon POINTS="478 1512 478 1470 547 1477 581 1504 820 1504 862 1474 904 1474 934 1504 965 1493 1124 1508 1166 1477 1216 1508 1292 1481 1318 1508 1379 1508 1425 1485 1470 1504 1535 1481 1569 1500 1592 1477 1641 1493 1759 1477 1869 1485 1919 1512 1957 1512 2002 1481 2040 1481 2071 1512 2170 1489 2280 1504 2322 1481 2401 1481 2398 1557 2337 1576 2284 1557 2094 1576 1915 1576 1839 1557 1767 1572 1752 1553 1695 1569 1512 1569 1463 1550 1421 1572 1337 1557 1200 1572 1094 1550 817 1569 771 1542 634 1542 600 1569 475 1565"/></Shape>
	    <String CONTENT="du gros chapiteau de la 4e colonne du choeur nord."
                    HPOS="475"
                    VPOS="1470"
                    WIDTH="1926"
                    HEIGHT="106"></String>
          </TextLine>

          
          
          <TextLine ID="eSc_line_9db4bde3"
                    
                    BASELINE="387 1645 501 1645" 
                    HPOS="387"
                    VPOS="1572"
                    WIDTH="114"
                    HEIGHT="88">
            <Shape><Polygon POINTS="387 1614 387 1576 429 1588 467 1572 501 1588 501 1660 387 1660"/></Shape>
	    <String CONTENT="12"
                    HPOS="387"
                    VPOS="1572"
                    WIDTH="114"
                    HEIGHT="88"></String>
          </TextLine>

          
          
          <TextLine ID="eSc_line_ba8529d7"
                    
                    BASELINE="551 1641 2797 1648" 
                    HPOS="547"
                    VPOS="1572"
                    WIDTH="2250"
                    HEIGHT="103">
            <Shape><Polygon POINTS="551 1610 551 1588 581 1595 604 1572 646 1591 684 1580 706 1599 927 1591 950 1576 1003 1595 1075 1576 1094 1588 1109 1572 1299 1572 1337 1595 1375 1572 1459 1588 1565 1572 1600 1599 1714 1576 1755 1603 1774 1588 1793 1603 1957 1603 1999 1576 2029 1603 2177 1603 2192 1588 2246 1603 2648 1603 2709 1576 2793 1576 2797 1618 2778 1667 2759 1652 2724 1660 2686 1622 2086 1622 2056 1652 1945 1667 1923 1652 1888 1675 1828 1675 1805 1656 1676 1675 1649 1648 1577 1648 1550 1671 1478 1671 1451 1645 1398 1664 1360 1648 1314 1664 1292 1641 1128 1664 1079 1656 1045 1626 995 1660 923 1667 877 1648 725 1656 706 1671 547 1660"/></Shape>
	    <String CONTENT="Aujourd’hui jeudi les sapeurs pompiers prennent possession du"
                    HPOS="547"
                    VPOS="1572"
                    WIDTH="2250"
                    HEIGHT="103"></String>
          </TextLine>

          
          
          <TextLine ID="eSc_line_83682703"
                    
                    BASELINE="520 1747 2789 1740" 
                    HPOS="516"
                    VPOS="1671"
                    WIDTH="2269"
                    HEIGHT="95">
            <Shape><Polygon POINTS="516 1717 516 1686 543 1694 562 1675 638 1702 703 1683 798 1705 870 1683 885 1694 908 1675 957 1675 991 1705 1033 1705 1064 1675 1102 1690 1143 1675 1406 1675 1459 1705 1611 1675 1698 1702 1736 1671 2006 1702 2086 1702 2116 1671 2147 1671 2185 1702 2261 1683 2284 1702 2481 1702 2496 1686 2622 1702 2686 1694 2709 1675 2736 1702 2785 1709 2785 1747 2660 1747 2629 1762 2204 1762 2143 1743 2120 1759 1892 1743 1854 1759 1839 1743 1809 1762 1702 1762 1672 1743 1588 1759 1546 1747 1486 1766 1402 1747 1360 1766 1238 1747 1200 1766 1067 1740 1029 1766 1007 1743 866 1736 710 1736 657 1759 516 1743"/></Shape>
	    <String CONTENT="poste qui leur a été construit la terrasse des réservoir entre les"
                    HPOS="516"
                    VPOS="1671"
                    WIDTH="2269"
                    HEIGHT="95"></String>
          </TextLine>

          
          
          <TextLine ID="eSc_line_473c9446"
                    
                    BASELINE="478 1831 2770 1850" 
                    HPOS="475"
                    VPOS="1762"
                    WIDTH="2295"
                    HEIGHT="107">
            <Shape><Polygon POINTS="478 1800 478 1774 501 1762 547 1762 604 1793 737 1793 771 1766 809 1793 923 1774 1056 1797 1105 1770 1155 1793 1212 1766 1288 1797 1409 1797 1497 1770 1531 1793 1600 1785 1619 1800 1748 1800 1801 1770 1854 1770 1885 1797 1930 1804 2120 1804 2154 1774 2219 1774 2257 1800 2291 1781 2341 1797 2360 1778 2443 1778 2557 1808 2656 1778 2770 1778 2766 1853 2546 1850 2523 1869 2455 1850 2417 1869 2398 1850 2303 1846 2265 1865 2215 1846 2162 1861 2124 1823 1850 1819 1790 1850 1759 1819 1558 1819 1512 1861 1474 1846 1406 1861 1390 1842 1368 1857 1303 1842 953 1857 923 1838 877 1853 509 1853 475 1831"/></Shape>
	    <String CONTENT="deux tours on continue de porter ou poserles verrières du choeur a la"
                    HPOS="475"
                    VPOS="1762"
                    WIDTH="2295"
                    HEIGHT="107"></String>
          </TextLine>

          
          
          <TextLine ID="eSc_line_feacb642"
                    
                    BASELINE="505 1941 2759 1941" 
                    HPOS="505"
                    VPOS="1865"
                    WIDTH="2254"
                    HEIGHT="91">
            <Shape><Polygon POINTS="505 1910 505 1891 535 1872 619 1891 687 1865 756 1891 782 1876 813 1888 832 1869 953 1891 995 1869 1018 1891 1098 1865 1159 1865 1197 1891 1276 1865 1345 1865 1371 1891 1455 1891 1486 1865 1512 1891 1565 1865 1634 1891 1721 1876 1755 1891 1915 1891 1949 1869 2040 1888 2132 1865 2234 1891 2284 1891 2303 1872 2371 1872 2394 1891 2485 1891 2504 1872 2588 1884 2607 1865 2648 1880 2664 1865 2759 1876 2759 1956 2325 1956 2310 1941 1767 1956 1725 1941 1584 1941 1562 1956 1185 1941 505 1956"/></Shape>
	    <String CONTENT="2e travée haute du choeur sud et aux 3e et 4e du coté nord."
                    HPOS="505"
                    VPOS="1865"
                    WIDTH="2254"
                    HEIGHT="91"></String>
          </TextLine>

          
          
          <TextLine ID="eSc_line_4397102c"
                    
                    BASELINE="391 2032 490 2032" 
                    HPOS="391"
                    VPOS="1967"
                    WIDTH="99"
                    HEIGHT="84">
            <Shape><Polygon POINTS="391 2002 391 1986 490 1967 490 2036 459 2051 391 2047"/></Shape>
	    <String CONTENT="13"
                    HPOS="391"
                    VPOS="1967"
                    WIDTH="99"
                    HEIGHT="84"></String>
          </TextLine>

          
          
          <TextLine ID="eSc_line_387e99cf"
                    
                    BASELINE="524 2036 2759 2036" 
                    HPOS="524"
                    VPOS="1964"
                    WIDTH="2235"
                    HEIGHT="102">
            <Shape><Polygon POINTS="524 2005 577 1971 657 1994 725 1975 782 1994 801 1979 889 1983 908 1964 969 1994 1003 1994 1041 1964 1231 1967 1261 1994 1345 1994 1413 1964 1448 1964 1493 1994 1679 1994 1729 1964 1778 1964 1816 1994 1877 1990 1911 1964 2025 1994 2094 1994 2128 1964 2185 1990 2322 1964 2382 1994 2455 1971 2527 1986 2569 1964 2622 1994 2671 1979 2690 1990 2717 1964 2759 1971 2759 2055 2683 2047 2660 2062 2629 2043 2550 2043 2504 2066 2424 2066 2401 2047 2348 2059 2291 2040 2219 2066 2109 2066 2033 2040 2010 2055 1983 2043 1961 2066 1904 2066 1866 2040 1581 2040 1539 2066 1448 2066 1390 2040 1208 2066 1060 2040 919 2055 900 2040 866 2059 828 2040 706 2059 524 2043"/></Shape>
	    <String CONTENT="On continue la dépose du grand échafaudage de la flèche"
                    HPOS="524"
                    VPOS="1964"
                    WIDTH="2235"
                    HEIGHT="102"></String>
          </TextLine>

          
          
          <TextLine ID="eSc_line_4c5bbcee"
                    
                    BASELINE="520 2135 2151 2127" 
                    HPOS="516"
                    VPOS="2055"
                    WIDTH="1631"
                    HEIGHT="102">
            <Shape><Polygon POINTS="516 2104 520 2074 547 2085 604 2059 718 2089 855 2089 938 2062 995 2085 1026 2059 1060 2059 1079 2078 1136 2070 1166 2089 1219 2059 1276 2089 1326 2089 1413 2055 1463 2085 1584 2085 1615 2055 1725 2055 1740 2070 1786 2055 1900 2085 1980 2085 2025 2059 2063 2085 2135 2081 2147 2097 2143 2154 2063 2135 2014 2154 1573 2135 1543 2154 1486 2135 1356 2131 1318 2154 1223 2135 1193 2157 1109 2157 1083 2135 950 2146 893 2108 516 2112"/></Shape>
	    <String CONTENT="on prépare les bois pour le … du comble."
                    HPOS="516"
                    VPOS="2055"
                    WIDTH="1631"
                    HEIGHT="102"></String>
          </TextLine>

          
          
          <TextLine ID="eSc_line_5a7aa16f"
                    
                    BASELINE="387 2230 478 2218" 
                    HPOS="383"
                    VPOS="2146"
                    WIDTH="95"
                    HEIGHT="95">
            <Shape><Polygon POINTS="383 2199 433 2154 467 2146 478 2233 387 2241"/></Shape>
	    <String CONTENT="16"
                    HPOS="383"
                    VPOS="2146"
                    WIDTH="95"
                    HEIGHT="95"></String>
          </TextLine>

          
          
          <TextLine ID="eSc_line_1e03297b"
                    
                    BASELINE="558 2222 2759 2230" 
                    HPOS="554"
                    VPOS="2157"
                    WIDTH="2205"
                    HEIGHT="88">
            <Shape><Polygon POINTS="558 2192 558 2165 604 2180 630 2169 646 2184 794 2184 824 2157 858 2173 874 2157 1102 2157 1132 2184 1208 2157 1409 2184 1512 2184 1539 2157 1607 2157 1660 2188 1714 2161 1763 2161 1793 2188 1862 2188 1881 2169 1938 2188 2230 2188 2257 2161 2352 2188 2398 2188 2424 2161 2519 2161 2538 2180 2576 2161 2610 2188 2721 2161 2759 2199 2755 2245 2565 2230 2542 2245 2458 2230 2379 2230 2363 2245 2246 2237 2208 2203 1657 2199 1584 2199 1527 2241 1254 2241 1223 2226 1117 2226 1094 2241 554 2237"/></Shape>
	    <String CONTENT="Continuation des travaux intérieurs - grattage et ravalement des"
                    HPOS="554"
                    VPOS="2157"
                    WIDTH="2205"
                    HEIGHT="88"></String>
          </TextLine>

          
          
          <TextLine ID="eSc_line_f42703fc"
                    
                    BASELINE="524 2309 2793 2321" 
                    HPOS="520"
                    VPOS="2245"
                    WIDTH="2273"
                    HEIGHT="91">
            <Shape><Polygon POINTS="524 2279 524 2264 592 2252 611 2268 703 2268 760 2245 805 2268 900 2268 923 2245 1071 2260 1147 2245 1284 2271 1409 2271 1429 2252 1474 2271 1501 2249 1569 2271 1634 2249 1797 2249 1847 2268 1869 2249 1987 2249 2002 2264 2037 2249 2067 2275 2135 2275 2166 2252 2211 2275 2272 2256 2333 2271 2360 2252 2401 2252 2424 2275 2462 2252 2648 2275 2705 2252 2732 2275 2793 2275 2793 2290 2789 2321 2732 2332 2105 2321 2067 2336 1900 2317 1797 2332 1755 2317 1284 2332 1170 2313 1064 2328 554 2328 520 2313"/></Shape>
	    <String CONTENT="voutes hautes du transept nord, enduit de la dernière colonne"
                    HPOS="520"
                    VPOS="2245"
                    WIDTH="2273"
                    HEIGHT="91"></String>
          </TextLine>

          
          
          <TextLine ID="eSc_line_9ef84673"
                    
                    BASELINE="528 2416 2816 2408" 
                    HPOS="524"
                    VPOS="2336"
                    WIDTH="2288"
                    HEIGHT="99">
            <Shape><Polygon POINTS="524 2385 524 2340 790 2340 817 2366 847 2340 919 2366 991 2366 1014 2347 1048 2366 1303 2366 1330 2340 1421 2359 1486 2340 1501 2355 1539 2344 1562 2363 1653 2366 1767 2363 1793 2340 1839 2363 1885 2363 1911 2340 1968 2363 2082 2363 2120 2336 2246 2336 2268 2359 2295 2347 2379 2363 2428 2347 2447 2363 2572 2363 2618 2336 2660 2336 2690 2363 2762 2347 2812 2378 2800 2423 2637 2431 2227 2431 2143 2416 2109 2431 2090 2416 2048 2431 1767 2431 1729 2416 1664 2435 1516 2435 1493 2420 1459 2435 1375 2420 1185 2420 1166 2435 1124 2420 889 2420 820 2435 801 2420 524 2420"/></Shape>
	    <String CONTENT="du sanctuaire construction d’un hangar en charpente dans le petit chantier."
                    HPOS="524"
                    VPOS="2336"
                    WIDTH="2288"
                    HEIGHT="99"></String>
          </TextLine>

          
          
          <TextLine ID="eSc_line_97a93b19"
                    
                    BASELINE="387 2507 475 2499" 
                    HPOS="383"
                    VPOS="2439"
                    WIDTH="92"
                    HEIGHT="83">
            <Shape><Polygon POINTS="383 2477 387 2450 467 2439 475 2515 387 2522"/></Shape>
	    <String CONTENT="18"
                    HPOS="383"
                    VPOS="2439"
                    WIDTH="92"
                    HEIGHT="83"></String>
          </TextLine>

          
          
          <TextLine ID="eSc_line_c4d90258"
                    
                    BASELINE="543 2503 2686 2511" 
                    HPOS="539"
                    VPOS="2439"
                    WIDTH="2147"
                    HEIGHT="95">
            <Shape><Polygon POINTS="543 2473 543 2454 782 2465 836 2439 904 2439 934 2465 1048 2439 1098 2465 1250 2439 1326 2442 1349 2465 1531 2446 1554 2458 1588 2439 1611 2458 1653 2442 1695 2469 1744 2446 1759 2461 1790 2446 1816 2469 1888 2469 2052 2442 2120 2469 2189 2469 2223 2442 2310 2458 2394 2442 2420 2469 2447 2469 2470 2446 2523 2442 2557 2469 2679 2454 2686 2480 2683 2503 2527 2503 2489 2526 2401 2515 2322 2530 2246 2515 2223 2530 2135 2515 2105 2534 2075 2518 2002 2534 1961 2518 1930 2534 1911 2518 1634 2534 1539 2511 1349 2511 1322 2530 1227 2530 1193 2511 1094 2526 1018 2511 984 2530 904 2511 782 2526 539 2518"/></Shape>
	    <String CONTENT="On met en place de la grue et les colonnettes sur le bahut qui"
                    HPOS="539"
                    VPOS="2439"
                    WIDTH="2147"
                    HEIGHT="95"></String>
          </TextLine>

          
          
          <TextLine ID="eSc_line_5ed2a5b4"
                    
                    BASELINE="384 2515 450 2500" 
                    HPOS="368"
                    VPOS="2450"
                    WIDTH="72"
                    HEIGHT="30">
            <Shape><Polygon POINTS="376 2480 368 2450 437 2450 440 2469 376 2480"/></Shape>
	    <String CONTENT=""
                    HPOS="368"
                    VPOS="2450"
                    WIDTH="72"
                    HEIGHT="30"></String>
          </TextLine>

          
          
          <TextLine ID="eSc_line_02650425"
                    
                    BASELINE="535 2598 2789 2606" 
                    HPOS="532"
                    VPOS="2530"
                    WIDTH="2257"
                    HEIGHT="87">
            <Shape><Polygon POINTS="535 2568 535 2545 558 2530 608 2530 634 2556 737 2556 767 2530 817 2534 839 2556 874 2530 938 2530 969 2556 1007 2556 1041 2530 1102 2530 1136 2556 1208 2541 1311 2556 1364 2530 1402 2553 1432 2541 1512 2556 1554 2530 1660 2530 1710 2560 1755 2560 1790 2534 1930 2534 1964 2560 2200 2560 2234 2537 2257 2560 2306 2541 2443 2560 2481 2534 2546 2560 2580 2534 2637 2534 2675 2560 2785 2560 2789 2575 2785 2602 2740 2617 2550 2617 2534 2602 2325 2617 2272 2602 2242 2617 1668 2617 1607 2602 1482 2613 1444 2598 532 2610"/></Shape>
	    <String CONTENT="forme la clôture du sanctuaire dans le choeur on poursuit la pose"
                    HPOS="532"
                    VPOS="2530"
                    WIDTH="2257"
                    HEIGHT="87"></String>
          </TextLine>

          
          
          <TextLine ID="eSc_line_6e322b21"
                    
                    BASELINE="475 2689 2785 2697" 
                    HPOS="471"
                    VPOS="2610"
                    WIDTH="2314"
                    HEIGHT="106">
            <Shape><Polygon POINTS="475 2659 475 2610 566 2613 604 2651 638 2651 661 2629 706 2651 782 2651 817 2621 870 2651 912 2651 976 2613 1033 2648 1140 2613 1231 2613 1318 2651 1352 2651 1409 2617 1455 2632 1531 2617 1581 2651 1634 2655 1771 2655 1793 2632 1873 2655 1934 2625 2018 2651 2067 2625 2105 2651 2170 2617 2360 2644 2413 2617 2474 2640 2542 2625 2599 2651 2667 2621 2785 2667 2781 2697 2679 2716 2641 2701 2542 2712 2447 2697 2379 2712 2344 2697 2306 2716 2253 2701 2200 2716 2082 2701 2056 2716 1976 2716 1957 2701 1809 2712 1767 2682 1630 2678 1527 2708 1356 2693 1223 2708 1166 2693 961 2712 896 2678 634 2678 600 2712 471 2708"/></Shape>
	    <String CONTENT="des verrières de M. Maréchal aux 2e et 3eme travées hautes du"
                    HPOS="471"
                    VPOS="2610"
                    WIDTH="2314"
                    HEIGHT="106"></String>
          </TextLine>

          
          
          <TextLine ID="eSc_line_27b15125"
                    
                    BASELINE="505 2788 2747 2799" 
                    HPOS="501"
                    VPOS="2720"
                    WIDTH="2246"
                    HEIGHT="110">
            <Shape><Polygon POINTS="505 2758 604 2720 657 2750 756 2750 798 2724 836 2750 889 2750 919 2727 957 2750 1014 2750 1060 2720 1121 2750 1170 2720 1276 2754 1413 2754 1470 2727 1516 2754 1573 2731 1729 2754 1774 2724 1854 2724 1888 2754 1968 2754 1999 2724 2215 2727 2253 2758 2409 2758 2439 2727 2572 2758 2603 2727 2641 2727 2671 2758 2747 2769 2717 2818 2671 2799 2656 2815 2523 2815 2466 2796 2428 2830 2390 2830 2352 2799 2322 2826 2306 2811 2287 2822 2219 2803 2170 2818 2094 2788 1999 2784 1869 2784 1847 2807 1740 2796 1672 2826 1619 2826 1577 2799 1546 2799 1512 2826 1383 2826 1349 2811 1254 2826 1208 2822 1178 2796 1159 2807 1086 2792 995 2807 946 2792 877 2811 858 2796 703 2796 665 2818 646 2799 501 2796"/></Shape>
	    <String CONTENT="choeur nord. Nettoyage et grattages des anges destinés à prendre"
                    HPOS="501"
                    VPOS="2720"
                    WIDTH="2246"
                    HEIGHT="110"></String>
          </TextLine>

          
          
          <TextLine ID="eSc_line_58779db2"
                    
                    BASELINE="509 2902 1850 2891" 
                    HPOS="505"
                    VPOS="2822"
                    WIDTH="1342"
                    HEIGHT="103">
            <Shape><Polygon POINTS="505 2872 554 2830 665 2830 714 2860 779 2830 843 2860 896 2830 950 2826 980 2841 1090 2826 1136 2856 1185 2856 1204 2841 1311 2841 1326 2826 1448 2853 1482 2822 1520 2822 1558 2849 1729 2853 1771 2837 1847 2860 1843 2913 1398 2898 1197 2917 1140 2898 953 2898 915 2921 877 2906 779 2921 733 2902 718 2917 604 2902 577 2921 505 2925"/></Shape>
	    <String CONTENT="place sur les colonnettes du sanctuaire."
                    HPOS="505"
                    VPOS="2822"
                    WIDTH="1342"
                    HEIGHT="103"></String>
          </TextLine>

          
          
          <TextLine ID="eSc_line_643d350f"
                    
                    BASELINE="399 2989 467 2989" 
                    HPOS="399"
                    VPOS="2902"
                    WIDTH="68"
                    HEIGHT="95">
            <Shape><Polygon POINTS="399 2959 399 2910 467 2902 467 2997 399 2997"/></Shape>
	    <String CONTENT="20"
                    HPOS="399"
                    VPOS="2902"
                    WIDTH="68"
                    HEIGHT="95"></String>
          </TextLine>

          
          
          <TextLine ID="eSc_line_a1b07786"
                    
                    BASELINE="535 2989 2747 2997" 
                    HPOS="532"
                    VPOS="2910"
                    WIDTH="2215"
                    HEIGHT="106">
            <Shape><Polygon POINTS="535 2959 535 2929 634 2944 684 2917 741 2921 767 2944 984 2944 1090 2910 1200 2940 1303 2929 1322 2944 1409 2944 1444 2910 1478 2925 1501 2910 1634 2910 1698 2913 1763 2948 1812 2948 1839 2929 1957 2948 1987 2917 2029 2944 2052 2925 2097 2925 2162 2948 2204 2913 2367 2913 2428 2948 2595 2948 2641 2913 2683 2913 2743 2944 2747 2967 2743 2993 2705 3008 2607 2997 2561 3016 2470 2993 2405 2993 2367 3012 2337 2993 2306 3008 2280 2993 2132 2993 2109 3016 2071 2997 1942 2997 1923 3012 1904 2997 1801 3012 1752 2997 1702 3012 1683 2993 1581 3005 1451 2989 1364 3012 1238 3008 1212 2989 1162 3012 1045 3012 1010 2993 915 2993 889 3012 805 3012 782 2993 748 3008 710 2993 532 3008"/></Shape>
	    <String CONTENT="On continue le grattage et le … des voutes des"
                    HPOS="532"
                    VPOS="2910"
                    WIDTH="2215"
                    HEIGHT="106"></String>
          </TextLine>

          
          
          <TextLine ID="eSc_line_d17164e6"
                    
                    BASELINE="505 3084 2755 3096" 
                    HPOS="501"
                    VPOS="3012"
                    WIDTH="2254"
                    HEIGHT="99">
            <Shape><Polygon POINTS="505 3054 547 3012 604 3043 634 3027 653 3043 729 3027 744 3043 767 3027 870 3027 885 3012 938 3012 961 3035 984 3012 1033 3012 1075 3043 1181 3043 1212 3012 1254 3012 1322 3046 1425 3046 1448 3024 1489 3043 1554 3031 1577 3046 1809 3046 1828 3027 1854 3046 1911 3046 2002 3020 2048 3035 2151 3020 2185 3035 2227 3024 2249 3043 2310 3043 2325 3027 2401 3043 2432 3020 2470 3020 2500 3050 2542 3050 2607 3020 2747 3020 2755 3065 2751 3111 501 3096"/></Shape>
	    <String CONTENT="bas cotés du choeur dans les trois premières travées coté du sud"
                    HPOS="501"
                    VPOS="3012"
                    WIDTH="2254"
                    HEIGHT="99"></String>
          </TextLine>

          
          
          <TextLine ID="eSc_line_6af3fe40"
                    
                    BASELINE="513 3187 2816 3187" 
                    HPOS="513"
                    VPOS="3111"
                    WIDTH="2303"
                    HEIGHT="91">
            <Shape><Polygon POINTS="513 3157 513 3130 642 3141 691 3111 737 3130 763 3111 839 3111 889 3141 953 3141 972 3122 999 3141 1140 3141 1170 3111 1307 3111 1364 3141 1516 3141 1554 3115 1600 3111 1645 3130 1706 3115 1733 3141 1793 3141 1839 3115 1930 3134 1968 3111 1987 3126 2029 3111 2063 3141 2116 3141 2154 3115 2177 3130 2242 3115 2303 3141 2390 3115 2436 3141 2477 3126 2523 3141 2561 3111 2607 3138 2660 3111 2728 3111 2789 3141 2816 3130 2816 3187 2793 3202 2633 3202 2618 3187 2584 3202 2432 3187 2394 3202 1683 3202 1638 3187 1596 3202 1322 3187 1060 3187 1033 3202 513 3195"/></Shape>
	    <String CONTENT="on termine la pose des verrières M. Maréchal dans les fenêtres"
                    HPOS="513"
                    VPOS="3111"
                    WIDTH="2303"
                    HEIGHT="91"></String>
          </TextLine>

          
          
          <TextLine ID="eSc_line_6f1d31a7"
                    
                    BASELINE="513 3274 2804 3274" 
                    HPOS="513"
                    VPOS="3210"
                    WIDTH="2291"
                    HEIGHT="83">
            <Shape><Polygon POINTS="513 3244 520 3221 551 3210 589 3210 611 3233 661 3233 684 3214 744 3233 771 3210 855 3225 976 3210 999 3233 1162 3233 1204 3210 1303 3210 1326 3233 1387 3233 1409 3214 1467 3214 1486 3233 1508 3210 1596 3233 1653 3210 1782 3210 1835 3233 1900 3217 1926 3233 2234 3233 2253 3217 2299 3233 2493 3233 2531 3210 2557 3229 2580 3210 2648 3210 2683 3233 2800 3221 2804 3244 2800 3293 2614 3293 2572 3267 2322 3267 2261 3293 2223 3278 2166 3293 2063 3293 2033 3278 1953 3278 1930 3293 1888 3278 1786 3278 1763 3293 1470 3278 1417 3293 1387 3274 1349 3293 1254 3278 1178 3293 927 3293 866 3278 513 3290"/></Shape>
	    <String CONTENT="du choeur toutes les … tout entièrement garnies de vitraux"
                    HPOS="513"
                    VPOS="3210"
                    WIDTH="2291"
                    HEIGHT="83"></String>
          </TextLine>

          
          
          <TextLine ID="eSc_line_19f01f6a"
                    
                    BASELINE="501 3373 2147 3362" 
                    HPOS="494"
                    VPOS="3293"
                    WIDTH="1649"
                    HEIGHT="107">
            <Shape><Polygon POINTS="497 3343 494 3328 562 3309 596 3328 638 3309 725 3328 763 3305 862 3328 976 3305 1029 3328 1083 3301 1151 3324 1436 3324 1470 3301 1550 3301 1565 3316 1600 3297 1839 3297 1862 3320 1934 3297 1991 3312 2139 3293 2143 3331 2086 3388 1911 3388 1888 3373 1862 3388 1809 3373 1698 3385 1679 3369 1508 3392 1429 3350 1124 3350 1102 3373 1003 3373 980 3388 934 3377 904 3392 874 3373 855 3392 756 3377 737 3392 699 3381 589 3396 543 3377 497 3400"/></Shape>
	    <String CONTENT="sauf celles de la première travée nord et sud."
                    HPOS="494"
                    VPOS="3293"
                    WIDTH="1649"
                    HEIGHT="107"></String>
          </TextLine>

          
          
          <TextLine ID="eSc_line_3445ab04"
                    
                    BASELINE="383 3468 467 3461" 
                    HPOS="380"
                    VPOS="3400"
                    WIDTH="87"
                    HEIGHT="80">
            <Shape><Polygon POINTS="380 3438 380 3404 459 3400 467 3464 383 3480"/></Shape>
	    <String CONTENT="23"
                    HPOS="380"
                    VPOS="3400"
                    WIDTH="87"
                    HEIGHT="80"></String>
          </TextLine>

          
          
          <TextLine ID="eSc_line_49ca41b1"
                    
                    BASELINE="516 3468 2827 3468" 
                    HPOS="516"
                    VPOS="3400"
                    WIDTH="2311"
                    HEIGHT="91">
            <Shape><Polygon POINTS="516 3438 516 3423 562 3404 608 3423 657 3400 775 3404 809 3423 851 3400 885 3423 927 3423 957 3400 1109 3400 1143 3423 1181 3400 1238 3423 1330 3400 1383 3400 1425 3423 1482 3423 1508 3400 1543 3423 1630 3419 1653 3400 1691 3423 1812 3423 1828 3407 1934 3423 1980 3404 2018 3423 2253 3423 2341 3400 2394 3415 2447 3400 2645 3400 2736 3423 2762 3400 2827 3400 2827 3476 2781 3491 2485 3491 2447 3476 2424 3491 2398 3476 2265 3491 2037 3491 2018 3476 1687 3476 1630 3491 1531 3476 1398 3491 1242 3491 1219 3476 1121 3491 1102 3476 1007 3491 904 3476 847 3491 760 3476 680 3491 646 3476 604 3491 539 3476 516 3491"/></Shape>
	    <String CONTENT="On termine l’enduit de la 4e colonne du sanctuaire coté du sud à partir"
                    HPOS="516"
                    VPOS="3400"
                    WIDTH="2311"
                    HEIGHT="91"></String>
          </TextLine>

          
          
          <TextLine ID="eSc_line_a3d65504"
                    
                    BASELINE="467 3552 2812 3563" 
                    HPOS="463"
                    VPOS="3487"
                    WIDTH="2349"
                    HEIGHT="95">
            <Shape><Polygon POINTS="467 3521 467 3487 592 3514 627 3491 653 3514 687 3499 706 3514 1090 3514 1117 3491 1151 3491 1181 3514 1250 3518 1505 3518 1520 3502 1607 3499 1687 3518 1717 3495 1820 3495 1839 3510 1896 3495 1923 3510 2189 3499 2219 3521 2360 3521 2379 3506 2447 3521 2512 3499 2626 3499 2664 3521 2808 3514 2812 3533 2200 3525 2139 3575 2097 3582 2002 3567 1942 3578 1915 3563 1592 3578 1543 3529 1524 3540 1470 3521 1155 3521 1098 3575 494 3575 463 3552"/></Shape>
	    <String CONTENT="de la travée milieu, on commence celui de la 5ème laquelle se trouve engagée"
                    HPOS="463"
                    VPOS="3487"
                    WIDTH="2349"
                    HEIGHT="95"></String>
          </TextLine>

          
          
          <TextLine ID="eSc_line_3be690bc"
                    
                    BASELINE="459 3650 2531 3650" 
                    HPOS="459"
                    VPOS="3590"
                    WIDTH="2072"
                    HEIGHT="83">
            <Shape><Polygon POINTS="459 3620 459 3590 566 3594 592 3613 684 3613 718 3594 786 3613 817 3590 950 3613 980 3613 1003 3590 1071 3590 1102 3609 1212 3590 1246 3613 1467 3613 1524 3590 1565 3613 1622 3613 1653 3590 1786 3590 1812 3613 2010 3613 2029 3594 2105 3613 2135 3590 2200 3609 2257 3590 2333 3613 2531 3597 2531 3654 2458 3654 2436 3673 1915 3673 1816 3658 1740 3673 1421 3673 1333 3658 1223 3673 1071 3673 1048 3658 953 3673 858 3658 779 3658 760 3673 737 3658 638 3673 459 3662"/></Shape>
	    <String CONTENT="dans la clôture du choeur en face de l’entrée de la sacristie."
                    HPOS="459"
                    VPOS="3590"
                    WIDTH="2072"
                    HEIGHT="83"></String>
          </TextLine>

          
          
          <TextLine ID="eSc_line_39a4aa28"
                    
                    BASELINE="391 3757 471 3749" 
                    HPOS="383"
                    VPOS="3666"
                    WIDTH="88"
                    HEIGHT="106">
            <Shape><Polygon POINTS="387 3726 383 3688 459 3666 471 3753 391 3772"/></Shape>
	    <String CONTENT="25"
                    HPOS="383"
                    VPOS="3666"
                    WIDTH="88"
                    HEIGHT="106"></String>
          </TextLine>

          
          
          <TextLine ID="eSc_line_9a6b4abf"
                    
                    BASELINE="513 3753 2812 3753" 
                    HPOS="513"
                    VPOS="3688"
                    WIDTH="2299"
                    HEIGHT="92">
            <Shape><Polygon POINTS="513 3723 570 3704 661 3715 695 3696 946 3715 976 3688 1159 3688 1235 3715 1276 3715 1303 3688 1409 3688 1440 3715 1474 3715 1505 3688 1565 3715 1603 3688 1668 3715 1725 3715 1752 3688 1885 3715 2010 3715 2044 3692 2075 3707 2113 3688 2208 3715 2306 3715 2341 3688 2382 3688 2413 3715 2474 3715 2527 3692 2557 3715 2713 3696 2743 3715 2812 3715 2804 3768 2766 3757 2664 3780 2629 3780 2569 3742 2360 3742 2329 3768 2303 3776 2284 3761 2249 3780 2040 3776 2002 3742 1850 3742 1820 3772 1725 3761 1702 3776 1649 3761 1565 3776 1482 3761 1185 3761 1098 3776 1052 3761 999 3780 915 3780 893 3764 870 3776 718 3761 638 3780 619 3761 513 3780"/></Shape>
	    <String CONTENT="On continue de descendre les bois du grand échafaudage qui a servi"
                    HPOS="513"
                    VPOS="3688"
                    WIDTH="2299"
                    HEIGHT="92"></String>
          </TextLine>

          
          
          <TextLine ID="eSc_line_508c0eb6"
                    
                    BASELINE="497 3848 2808 3859" 
                    HPOS="494"
                    VPOS="3783"
                    WIDTH="2314"
                    HEIGHT="99">
            <Shape><Polygon POINTS="497 3818 513 3795 577 3810 608 3783 729 3810 836 3810 900 3783 965 3799 1083 3783 1117 3806 1143 3783 1197 3783 1212 3799 1284 3787 1307 3802 1379 3787 1409 3814 1512 3814 1638 3787 1744 3787 1790 3814 1816 3787 1926 3806 1999 3787 2033 3802 2067 3791 2097 3818 2135 3791 2166 3818 2477 3818 2534 3791 2618 3791 2690 3818 2762 3802 2808 3829 2804 3867 2698 3863 2664 3882 2626 3859 2599 3878 2572 3856 2485 3867 2458 3848 2185 3848 2151 3878 2113 3863 2090 3882 2002 3859 1938 3875 1888 3856 1854 3871 1790 3863 1774 3878 1740 3863 1725 3878 1695 3856 1543 3859 1516 3875 1467 3856 1398 3878 1330 3863 1280 3878 1265 3859 1246 3875 1223 3859 1204 3875 1140 3875 1109 3856 1086 3871 1014 3856 969 3871 817 3859 703 3875 672 3859 596 3875 494 3859"/></Shape>
	    <String CONTENT="a la construction de la flèche. Suite des travaux de grattage et de reprises"
                    HPOS="494"
                    VPOS="3783"
                    WIDTH="2314"
                    HEIGHT="99"></String>
          </TextLine>

          
          
          <TextLine ID="eSc_line_19db04fb"
                    
                    BASELINE="437 3951 2797 3951" 
                    HPOS="437"
                    VPOS="3882"
                    WIDTH="2360"
                    HEIGHT="88">
            <Shape><Polygon POINTS="437 3920 437 3894 475 3882 528 3882 562 3909 691 3909 706 3894 744 3909 813 3882 874 3909 927 3882 1014 3886 1037 3909 1231 3909 1284 3890 1383 3909 1409 3882 1455 3886 1482 3909 1524 3909 1554 3882 1649 3882 1664 3897 1805 3882 1831 3909 2101 3905 2135 3882 2185 3901 2242 3882 2280 3909 2341 3882 2371 3909 2386 3894 2401 3909 2508 3909 2572 3901 2595 3882 2626 3905 2747 3882 2797 3909 2797 3958 2747 3970 2629 3970 2610 3954 2580 3970 2029 3970 1972 3954 1839 3954 1816 3970 1733 3954 1611 3970 1352 3970 1295 3954 1242 3954 1227 3970 1178 3954 1162 3970 1056 3954 991 3970 965 3954 790 3970 752 3954 710 3970 672 3954 437 3954"/></Shape>
	    <String CONTENT="des voutes du transept nord. Lettre adressée à … le membre des"
                    HPOS="437"
                    VPOS="3882"
                    WIDTH="2360"
                    HEIGHT="88"></String>
          </TextLine>

          
          
          <TextLine ID="eSc_line_998da9d7"
                    
                    BASELINE="486 4038 2390 4030" 
                    HPOS="482"
                    VPOS="3966"
                    WIDTH="1904"
                    HEIGHT="95">
            <Shape><Polygon POINTS="482 4008 482 3989 513 3970 665 3992 904 3985 942 3970 1064 3970 1090 3992 1181 3992 1208 3970 1231 3992 1292 3992 1341 3977 1611 3989 1649 3966 1835 3966 1850 3981 1930 3985 2010 3985 2029 3966 2071 3981 2105 3966 2257 3981 2287 3966 2306 3985 2363 3977 2386 4000 2382 4023 2291 4057 1873 4057 1801 4042 1763 4057 1695 4034 1520 4053 1451 4038 1390 4061 1360 4038 1273 4053 1067 4038 1029 4061 953 4038 934 4053 881 4049 858 4027 653 4027 619 4053 482 4042"/></Shape>
	    <String CONTENT="pour … les statues de Louis XIII et Louis XIV."
                    HPOS="482"
                    VPOS="3966"
                    WIDTH="1904"
                    HEIGHT="95"></String>
          </TextLine>

          
          
          <TextLine ID="eSc_line_3bc57904"
                    
                    BASELINE="395 4137 459 4125" 
                    HPOS="387"
                    VPOS="4061"
                    WIDTH="76"
                    HEIGHT="137">
            <Shape><Polygon POINTS="387 4106 395 4065 444 4061 463 4156 402 4198"/></Shape>
	    <String CONTENT="27"
                    HPOS="387"
                    VPOS="4061"
                    WIDTH="76"
                    HEIGHT="137"></String>
          </TextLine>

          
          
          <TextLine ID="eSc_line_ad6c1b8e"
                    
                    BASELINE="501 4129 2808 4141" 
                    HPOS="497"
                    VPOS="4053"
                    WIDTH="2311"
                    HEIGHT="107">
            <Shape><Polygon POINTS="501 4099 501 4080 558 4053 619 4084 672 4084 703 4053 801 4084 870 4084 900 4061 965 4084 1117 4084 1147 4053 1212 4053 1238 4076 1265 4057 1295 4072 1322 4057 1436 4057 1527 4087 1603 4072 1630 4087 1782 4087 1828 4057 1961 4087 2006 4084 2029 4061 2063 4087 2124 4087 2151 4065 2280 4061 2303 4084 2367 4065 2405 4091 2462 4091 2493 4061 2546 4061 2599 4091 2633 4068 2679 4084 2713 4061 2804 4061 2808 4110 2800 4160 2755 4141 2728 4156 2626 4156 2584 4137 2523 4160 2504 4141 2379 4156 2310 4144 2284 4160 2196 4144 2135 4160 2078 4144 2056 4160 1999 4141 1942 4156 1923 4141 1896 4156 1873 4141 1782 4144 1759 4122 1638 4122 1600 4152 1489 4141 1436 4156 1284 4137 1178 4148 1117 4118 931 4118 862 4152 532 4152 497 4137"/></Shape>
	    <String CONTENT="On finit la pose de la tablette qui surmonte la clôture du bahut"
                    HPOS="497"
                    VPOS="4053"
                    WIDTH="2311"
                    HEIGHT="107"></String>
          </TextLine>

          
          
          <TextLine ID="eSc_line_a0723e93"
                    
                    BASELINE="475 4220 2800 4228" 
                    HPOS="471"
                    VPOS="4160"
                    WIDTH="2329"
                    HEIGHT="72">
            <Shape><Polygon POINTS="475 4190 475 4160 589 4163 634 4186 1029 4186 1102 4163 1159 4186 1223 4167 1261 4182 1288 4163 1448 4186 1486 4163 1558 4186 1828 4167 1862 4186 1900 4171 1976 4190 2135 4190 2154 4171 2192 4190 2287 4190 2360 4167 2401 4190 2648 4190 2686 4167 2759 4167 2800 4198 2797 4220 2766 4232 2656 4232 2607 4190 2113 4190 2071 4209 2029 4194 1976 4205 1942 4190 1828 4190 1752 4232 1641 4232 1581 4190 1413 4190 1364 4228 1067 4228 1029 4194 999 4190 573 4190 535 4228 471 4224"/></Shape>
	    <String CONTENT="du sanctuaire les petites grilles sont mises en place on pose la"
                    HPOS="471"
                    VPOS="4160"
                    WIDTH="2329"
                    HEIGHT="72"></String>
          </TextLine>

          
          
          <TextLine ID="eSc_line_6f895419"
                    
                    BASELINE="509 4315 2766 4323" 
                    HPOS="505"
                    VPOS="4251"
                    WIDTH="2261"
                    HEIGHT="114">
            <Shape><Polygon POINTS="509 4285 558 4251 649 4277 748 4277 813 4251 885 4277 931 4258 991 4277 1029 4251 1071 4274 1090 4258 1212 4277 1235 4255 1322 4251 1379 4277 1436 4262 1524 4277 1554 4251 1638 4251 1664 4281 1797 4258 1828 4274 1862 4258 1888 4281 2075 4281 2105 4266 2147 4277 2173 4255 2280 4281 2386 4281 2413 4255 2443 4255 2474 4281 2523 4255 2762 4255 2766 4293 2762 4331 2743 4342 2683 4334 2618 4357 2576 4338 2534 4365 2398 4365 2371 4338 2348 4350 2329 4334 2261 4338 2234 4365 2166 4365 2139 4342 2078 4365 2021 4334 1949 4353 1923 4331 1786 4331 1767 4350 1638 4327 1581 4350 1497 4327 1451 4350 1337 4327 1303 4353 1261 4346 1242 4361 1174 4327 1159 4342 1086 4327 1029 4361 706 4327 630 4361 505 4357"/></Shape>
	    <String CONTENT="ferrure de la fenêtre haute au dessus de la rose à la première travée"
                    HPOS="505"
                    VPOS="4251"
                    WIDTH="2261"
                    HEIGHT="114"></String>
          </TextLine>

          
        </TextBlock>
        
      </PrintSpace>
    </Page>
  </Layout>
</alto>
