2858 4559
22 121 422 144 Novembre

395 1177 80 122 28

402 3008 69 198 11

361 18 121 126 340

117 18 225 107 1860

486 106 2284 129 21 - On met en place les colonnes en fonte derrière les meneaux

467 216 2330 125 de la galerie à jour au dessous de la grande rose du transept Sud, on

505 307 2284 133 poursuit la dépose du grand échafaudage intérieur placé sous la voute

509 417 1170 99 centrale et les deux bras de la croix.

380 524 110 80 24

551 520 2261 99 On poursuit les travaux de plomberie Sur les parties du grand comble

509 596 2307 125 qui ont eté refaites, sur les premières travées du comble du transept Sud et les

494 699 2329 110 lucarnes. On a terminé la pose de la crete en plomb sur le comble du chœur. on

505 805 2322 95 commence à poser les fourchettes en fer destinées à recevoir celle du coté de la nef.

376 892 95 95 26

520 892 2299 99 On termine la dépose du grand échafaud intérieur de la voute centrale ;

513 980 2314 121 et la pose des verrières en grisailles de Mr Steinheil & Petit Gérard dans

505 1094 1953 95 la partie circulaire de la galerie du triforium du chœur.

516 1162 2311 148 On replace les grandes dalles formant parpaing et recouvrant la galerie

509 1284 2318 102 à jour placée au dessous de la grande rose du transept Sud. les dalles formant

501 1386 2345 107 plafond reposent sur les arcatures intérieure et extérieure ainsi que sur les colonnes

494 1462 1961 114 en fonte placées précédemment et reliées par un chainage en fer.

34 1500 437 209 Décembre 1er

520 1553 2292 111 On commence la pose des petits autels en pierre dans les chapelles

497 1652 2296 126 des bas cotés de la nef nord, ainsi que les marches en pierre du Jura : on

490 1747 2318 122 poursuit les raccords de dallage dans les bas cotés du chœur Nord & Sud.

406 1861 57 106 4

513 1846 2280 125 Continuation des travaux de sculpture des crochets qui décorent les

501 1960 2261 99 gables placés au dessus des arcs ogives des collatéraux du chœur Sud. On

509 2040 2276 121 continue également le grattage et le rejointoiement des voutes de la galerie

494 2135 2284 121 du triforium du chœur : la pose des vitraux de MM Steinheil &

505 2237 2288 95 Petit Gérard est terminée. Conton des reprises de meneaux à la chaplle de Noailles.

399 2306 68 133 6

505 2336 2295 99 On a terminé la pose des grandes dalles formant plafond de la galerie

501 2408 2311 133 a jour du transept Sud; ainsi que du chainage au dessus : on commence

490 2507 2318 129 à poser la 1ere assise au dessus, formant la partie inférieure de la grande rose.

399 2606 68 95 8.

513 2602 2227 118 On poursuit les travaux de plomberie sur les combles de la nef et du

505 2697 2295 118 transept Sud, ainsi que sur les grandes contrefiches de la flèche : on commence

497 2799 2284 122 la plomberie des grandes lucarnes du comble du transept Sud : on a posé

509 2913 1699 103 également les fourchettes en fer sur cette partie de comble.

509 2993 2291 129 On continue la pose des premiers morceaux de la partie inférieure de la

516 3100 2284 102 grande rose du transept Sud, celle des petits autels dans les chapelles

497 3195 2292 98 des bas cotés de la nef nord, et la sculpture au dessus des collatéraux du

520 3286 1270 106 chœur Sud donnant sur le transept.

376 3369 91 145 14

520 3381 2299 121 On commence à poser le massif en pierres et briques qui doit supporter

520 3468 2273 114 les [ 难 难 难 难 难 难 难] à l’entrée du chœur. Continuation des travaux de reprises

490 3567 1421 121 de dallage dans les bas cotés du chœur.

391 3677 80 148 17

547 3662 2269 118 On poursuit le montage et la pose des morceaux (Luversine) qui

513 3757 2306 144 forment les compartiments de la grande rose de la facade du transept

494 3856 2325 110 Sud. On continue à poser par incrustement les meneaux aveugles à la

535 3951 1414 129 chapelle de Noailles (coté Nord chœur. )

353 4053 118 209 19

528 4030 2284 149 Les travaux de plomberie se poursuivent sur les portions du grand

505 4141 2284 106 comble qui ont eté refaites ainsi que sur les grandes lucarnes des faces

520 4239 2292 133 Est et ouest du comble du transept Sud ; on termine la sculpture
