2858 4559
307 2830 95 209 19

106 125 312 99 Avril 2

478 125 2319 106 On met en place les statues de martyrs St Etienne & St Marcel dans les

437 227 2341 103 niches des contreforts extrêmes de la facade le 1er au contrefort de la tour du nord à

425 319 2387 87 l'angle de la rue du cloitre le 2e à celui de la cour du sud près de l'entrée des chantiers

349 406 61 243 3

467 417 2337 95 Visite de M[gneur] l'Archevèque de Paris qui donne une somme de 100 [fr]

467 509 2292 114 pour distribuer aux ouvriers travaillant dans les chantiers de la cathédrale

596 611 1137 99 Cette somme a eté ainsi répartie :

1037 702 639 107 Tailleurs de pierre

1945 721 95 76 62

1048 801 293 95 Scieurs

1942 813 125 72 4

2189 813 125 113 96

1029 892 726 137 Compagnons & garçons

1930 892 91 91 30

1022 1002 673 92 Serruriers & peintres

1968 976 42 110 6

1064 1105 345 72 Marbriers

1942 1113 91 72 10

2189 1094 110 87 42

1045 1192 456 92 Charpentiers

1930 1185 103 102 26

1562 1268 281 95 total

2166 1291 509 84 138 ouvriers

323 1375 95 102 5

437 1379 2386 98 On échafaude le deuxième bas coté de la nef nord pour le [reprirees]

478 1477 2338 99 le grattage des voutes. On fait la sculpture des deux angles de la cloture

425 1550 2410 140 en pierre du choeur nord & sud qui ont été repportés. On continue le grattage

425 1660 1729 110 du gros pilier du transept nord à l'angle de la nef.

315 1740 76 155 7

444 1766 2356 103 On a posé les sabliers du plancher en bois destiné à supporter le carrelage

414 1857 2386 110 du bas coté du triforium de la nef nord : on poursuit les travaux []

406 1960 2391 121 de morceaux de pierre dans les tympans des arcs ogives aux deux travées du

429 2051 1049 103 transept nord coté du choeur.

311 2157 88 80 10

478 2157 2330 107 On poursuit le [?age] des pénétrations et des noues du grand comble

444 2249 2364 83 à l'endroit de la flèche. Continuation des travaux de marbrerie du sanctuaire

326 2351 84 76 13

456 2340 2352 106 On [] les deux figures dans les niches des contreforts [p?] de chaque

433 2439 1303 95 coté de la porte centrale sur la façade.

307 2530 92 76 16

456 2526 2367 95 On continue la sculpture de l'angle de la cloture en pierre du choeur sud

418 2606 2322 133 Sur le bas coté. On poursuit le grattage et le rejointement du gros pilier

399 2716 1322 99 d'angle de la nef nord et du transept(rature-GH?).

475 2803 2314 133 Suite des travaux de reprise des tympans au dessus des [??] [??] des deux

440 2925 2379 87 travées collatérales du transept nord coté du choeur : on rapporte par [enirustemant]

414 2993 2386 148 les morceaux formant les gables des pignons et les [??] aveugles qui [??]

421 3103 2376 111 les tympans. On monte la grande clef de la voute centrale au dessous de la flèche

323 3195 64 91 21

437 3195 2386 114 On monte un echafaudage en boucle au dessous de la galerie de la [??]

402 3301 2414 106 la faude pour la reprise et le rejointegement des parements formant tapisserie.

307 3392 84 179 24

459 3381 2349 125 On pose les [??] en fer pour le plancher dans la galerie du triforium

406 3472 2368 141 de la nef nord. On continue la reprise des pignons qui surmontent les fenetres

402 3582 2353 99 exterieures des chapelles dans le choeur nord ([??] [??] près du transept.)

304 3685 87 83 26

471 3669 2356 126 On termine le grattage et le rejointegement du gros pilier à l'angle du transept

414 3787 2364 88 nord et de la nef. Suite des travaux de marbrerie du sanctuaire : on fait une

421 3859 1771 114 aire dans le choeur pour le tracé du dallage en marbre.

296 3924 103 251 28

395 3947 2428 125 On a terminé le [??] des [??] du grand comble et des noues à l'intersection

383 4049 2433 114 de la croix [ac.] - on fait le ravalement des [??] qui décorent les tympans au

383 4144 2227 118 dessus des [??] des deux [collata?] du choeur dans le transept nord.

323 4236 64 95 30

440 4247 2391 106 On commence les préparatifs pour monter le grand échafaudage du transept sud
