2858 4559
220 0 190 167 334

87 91 247 152 1860

490 125 2322 137 on a echafaudé le 1er etage à jour de la flèche pour la reprise des travaux

83 227 289 126 avril.

456 224 2348 136 de plomberie qui ont eté interrompus pendant l'hiver. - on [pose?] les [cen?] en fer

490 330 2303 125 destinés à maintenir la rigidité des parties [dormantes?] placées de chaque cote

494 421 915 126 des grilles ouvrantes du choeur.

414 516 61 110 1er

562 520 2246 114 les plombiers recommencent les travaux au 1er étage à jour de la flèche

41 539 247 122 Mai.

501 611 2318 133 on poursuit le grattage et le rejointoyement des voutes de la galerie des

668 687 152 91 bas cotes

338 596 129 342 colonne

497 710 893 114 [triforium] de la nef nord.

391 813 65 125 3

516 801 2292 129 On continue la pose des planchers en fer et les chainages dans la galerie

463 896 2345 114 du triforium de la nef nord. On termine la construction des arcs [??]

459 987 1502 126 de la voute centrale au dessous de la flèche.

383 1090 80 129 5.

497 1094 2322 133 On poursuit le montage du grand echafaud devant la façade du

494 1200 2329 95 transept sud. On reprend par [?tement] des parements de mur formant

497 1276 2334 137 tapisserie dans les tympans de la porte centrale au dessous de la galerie des Rois.

387 1379 80 117 8

520 1379 2307 133 Suite des travaux des marbrerie du choeur et du grattage du gros pilier

505 1474 2314 117 On commence la sculpture dans les tympans des petites créatures des deux

501 1572 2299 122 gables au dessus des collateraux du choeur nord ouvrant sur le transept

395 1675 64 110 11

501 1671 2280 107 On commence la construction des voutes en petits intérieurs dans les

505 1766 2307 122 triangles formés pour les arcs [??] et [??] de la voute centrale au

494 1850 2322 125 dessous de la flèche : on termine la pose des planchers en fer et [ch?]

380 2062 102 130 14.

509 2055 2284 129 On continue le montage du grand échaufaud devant la facade du

501 2146 2280 125 transept sud. - reprise par [??] des tapisseries au dessus de

513 2241 2295 106 la porte centrale de la façade ; continuations des travaux de plomberie de

497 2336 2311 133 la fleche (1er étage à jour) : on commence à hourder les planchers de la

520 2427 1323 137 galerie du triforium de la nef nord.

395 2515 76 129 16

573 2518 2151 122 Suite des travaux de marbrerie du sanctuaire : on commence à tailler

524 2613 1874 141 les carreaux de marbre qui doivent former le dallage du choeur.

402 2705 69 140 17

380 2830 87 197 19

543 2818 2269 130 on poursuit

516 2921 2296 110 les [pages?] ogives l'entrée des deux collatéraux du choeur donnant sur le transept.

505 3016 2227 114 nord. On termine ceux des angles de la cloture du choeur donnant sur les bas cotes.

380 3054 87 163 21

528 3103 2291 107 On continue à [??] les barreaux de voute en petites antérieur entre les arcs [??]

482 3191 2330 140 Et [??] de la voute centrale au dessous de la flèche ; on termine le grattage

471 3301 1615 125 du gros pilier à l'angle de la nef et du transept nord

380 3404 98 125 24

524 3388 2238 137 les travaux de plomberie du premier étage à jour de la flèche de

501 3487 2311 137 poussenent : on commence à garnir en plomb les [??] places de chaque cote

475 3586 1850 118 des

395 3696 83 99 26

551 3677 2276 133 On poursuit le montage du grand échafaud qui doit servir à la reprise

490 3776 2284 133 de la facade du transsept sud : on continue à hourder le plancher en fer

494 3875 2071 129 qui vient d'être placé dans la galerie du triforium de la nef nord

406 3970 61 110 28

558 3966 2231 102 On termine les reprises par [??] du [??] de murs formant

509 4061 2295 110 tapisserie au dessus de la porte centrale de la façade principale ainsi que

516 4156 2319 129 les travaux de reprises et grattage de voutes dans le 2ème bas coté de la nef nord

395 4239 83 133 30

539 4247 2280 133 难 commence la découverture de la portion de comble du choeur amprise
