2858 4559
98 3 209 107 332

140 102 373 144 1860 22

577 102 2212 148 Enterrement de M Durand, entrepreneur des travaux de

57 231 345 145 février

532 239 1071 102 plomberie de la cathédrale

448 311 91 190 25

604 311 2162 148 On apporte les grilles en fer forgé destinées à la clôture du

551 448 912 72 choeur et du sanctuaire

440 531 73 92 28

573 520 2189 110 Continuation des travaux de charpente (pose des p…

551 619 2086 106 chev…ge) pour le … des combles a leur intersection

38 702 433 118 Mars 1er

566 718 2166 110 On termine le grattage du gros pilier à l’angle du choeur et du

554 820 2205 91 transept sud on continue le même travail pour celui d’angle du

551 908 2257 102 transept nord et l’on échafaude celui d’angle de la nef et du transept

535 999 1019 95 nord pour le même opération.

418 1105 76 91 3

558 1101 2227 107 on … le grattage des premières travées de voutes du triforium

505 1192 2257 103 du choeur donnant sur le transept sud on a terminé la peinture des

535 1287 2178 111 joints et des filets de couleur aux voutes hautes du transept nord

437 1375 60 106 6

551 1386 2238 107 on poursuit les travaux de marbrerie du sanctuaire la pose des

513 1481 2261 114 plaques de revêtement et des marbrures du piédestal supportant le groupe

513 1572 1645 114 pose des marbres et du dallage près de l’autel

547 1667 2257 107 les travaux de charpente pour le nord des combles à l’endroit de la

437 1698 60 186 9

520 1770 2242 110 fleche se poursuivent : on commence le v… des … placées de

528 1872 1463 107 chaque coté de la contre flèche formant gradin

414 1971 83 103 13

547 1960 2250 114 continuation du grattage des gros piliers du transept nord continuation

505 2070 2295 95 des enduits en pierre pour les … du caveau des archevêques on

532 2157 2249 107 fait la vitrerie des petites roses éclairant la galerie du triforium du

509 2252 2136 99 chœur sud grattage de parties de voutes du triforium de la nef nord.

410 2351 87 107 15

520 2344 2303 106 on commence la pose des … en fer qui pourtournent le sanctuaire

520 2446 2299 95 celle formant la porte du coté de la sacristie est mise en place ainsi que la

516 2537 1897 92 partie dormante de la 1ere travée du sanctuaire coté du sud

399 2636 91 182 17

547 2625 2269 106 on a terminé la pose des marbres de revêtement du piédestal supportant

524 2724 2197 113 le groupe dans la travée centrale du sanctuaire. on poursuit la pose des

532 2822 1524 110 marbres et du dallage de chaque coté de l’autel.

421 2929 69 190 19

539 2917 2296 110 le grattage des voutes du triforium du chœur donnant sur le transept sud

528 3016 2288 106 est terminé : on débouche la fenêtre donnant sur la 1ere travée de ce même

520 3115 1623 106 triforium près de l’escalier - fete des charpentiers.

429 3206 61 80 21

558 3206 2204 99 on poursuit les travaux de marbrerie du sanctuaire la pose des

148 3202 159 110 autel

547 3305 2257 99 marbres circulaires devant l’autel on met en place la grille circulaire

516 3396 1779 106 dormante dans le sanctuaire sud du sanctuaire

421 3506 73 84 23

547 3487 2272 114 on termine la pose des grilles dormantes qui pourtourent le sanctuaire

539 3582 2284 106 on continue le grattage de parties de voutes du triforium de le nef nord

414 3700 53 190 26

535 3685 2186 110 on poursuit la pose de v… sur les portes de …dement des

524 3787 2143 99 combles a l’endroit de la flèche on commence la vitrerie des roses

524 3882 1737 99 qui éclairent la galerie du triforium de la nef nord

391 3962 87 122 28

554 3966 2273 106 reprise des deux travées du transept nord coté du choeur on rapporte les

539 4057 2284 118 morceaux de pierre formant … dans les … au dessus des au ogives

421 4179 54 76 31

562 4163 2261 80 travaux de marbrerie du sanctuaire on pose le dallage en marbre au

543 4247 2280 122 devant de l’autel et les marbres longuedor entre les bahuts de clôture
