2858 4559
87 41 209 99 1860

26 144 399 114 décembre.

459 129 2034 133 des tympans au dessus de l’entrée des collatéraux du chœur Sud.

357 258 83 76 22

505 227 2246 118 On poursuit le montage et la pose des morceaux qui forment les

448 315 2352 133 compartiments de la grande rose du transept Sud, et la pose du massif

437 421 1896 118 en maconnerie de pierre et briques a l’entrée du chœur

338 528 91 87 26

456 505 2344 125 On continue le grattage et le rejointoiement des voutes à la galerie

452 600 2348 118 du triforium du chœur coté Sud : les marbriers commencent la taille

471 691 2329 152 et l’ajustement des dalles en pierre de Jura qui forment le caveau des

478 813 411 98 archevêques.

368 911 80 84 28

471 877 2329 129 Les tailleurs de pierre commencent la taille des moulures sur les

475 972 2318 152 morceaux neufs qui ont eté replacés dans l’arcature à jour au dessous

433 1075 2303 144 de la grande rose du transept Sud : les travaux de plomberie se

444 1185 2159 125 poursuivent sur les grandes lucarnes du comble du même transept.

357 1303 80 87 31

478 1280 2315 121 Continuation du montage et de la pose des morceaux de la grande

486 1382 2318 122 rose : on coule les joints en plomb; on poursuit également la reprise

467 1462 2337 137 par incrustement des meneaux de la chapelle de Noailles (coté du

482 1550 2322 133 chœur Nord. Reçu de la lettre écrite par le Prefet de la Seine a propos

421 1660 586 114 du mur du quai

1493 1755 844 98 le 31 décembre 1860

1698 1853 947 107 l’Inspecteur soussigné

1850 1945 791 140 [A?] Maurice Ouradou
