2858 4559
361 2936 83 145 9

406 3206 53 95 11

406 3472 53 122 13

406 3783 57 107 14

364 0 152 163 336

155 0 190 125 1860

45 98 452 179 Juillet 12

524 125 2269 140 on continue la demolition du pignon supérieur du transept Sud :

516 224 1855 136 on descend la figure qui en surmontait la pointe extrême.

406 322 88 130 14

524 330 2284 129 on commence à [imprimer] en couleur la clef à [??] de la grande voute

516 410 1308 140 centrale et les tetes d'anges qui la décorent.

421 524 61 144 17

543 512 2276 111 on continue a déposer l'ancienne charpente de la nef dans la première

528 619 2299 110 travée qui [avance] le transept. on poursuit le montage de la nouvelle au dessus

482 706 985 118 de la première travee du chœur.

395 805 80 121 20

535 797 2186 133 on termine la plomberie du premier etage à [??] de la flèche.

513 911 2325 114 on pose les ornements en plomb repoussé qui [la décorent] feuillages des chapiteaux

501 991 2334 118 et des colonnettes, etc. construction des clotures des bas cotes du triforium de la nef Nord.

399 1094 83 117 23

520 1090 2269 118 on met en place les [??] dorés sur les [??] en marbre [??]

505 1181 2295 122 aux statues de Louis XIII et de Louis XIX. on place egalement les couronnes

516 1287 2322 122 Impériales et royales qui surmontent les travées de grilles dormantes formant

516 1371 2224 114 la cloture du sanctuaire carrelage des bas cotes du triforium de la nef Nord.

402 1470 69 159 27

547 1462 2215 133 les maçons poursuivent la démolition du pignon du transept Sud

516 1565 1460 110 ainsi que des deux tourelles qui le flanquent.

524 1679 2219 91 on poursuit les travaux de marbrerie du chœur : la partie du

402 1667 95 126 28

520 1755 2284 129 milieu entourée de bandes de Languedoc est terminée sauf l'ouverture

478 1850 2300 121 du caveau des archevêques. fermeture de la clef à [??] de la voute centrale.

406 1937 65 137 30

535 1967 2132 99 on met en place les marches en marbre à l'entrée des chapelles

482 2051 2341 125 du bas coté nord de la nef : on prépare le dallage pour les [??] chapelles,

475 2142 2227 126 et l'on termine celui le carrelage des bas cotés du triforium de la nef Nord.

129 2230 330 262 Aout 1er

539 2252 2269 88 continuation des memes travaux. montage de la charpente neuve au

490 2328 2322 130 dessus de la première travee du chœur. le pignon du transept Sud est

440 2446 2322 99 demoli jusqu'au niveau de la balustrade qui surmonte la grande rose.

399 2522 53 110 3

490 2534 2329 98 on commence la depose de l'echafaudage intérieur du transept Nord

494 2625 2325 106 pour le replacer dans le transept Sud afin de faire le grattage des voutes hautes.

399 2727 64 103 6

535 2712 2307 110 les travaux de plomberie de la flèche se poursuivent activement, on termine

478 2815 2372 121 le premier étage a [??] et le soubassement : depose de l'échafaudage de la voute centrale.

497 2913 2311 122 on continue le montage de la charpente du comble au dessus de la première

505 3024 2292 95 travée du chœur ; et l'on commence la pose de la volige : on poursuit la depose

475 3115 2063 102 de l'ancienne charpente au dessus de la dernière travée de la nef.

505 3191 2280 133 on commence à enlever l'échafaudage qui a servi aux travaux de plomberie

463 3282 2349 141 du 1er etage a [??] de la flèche : dallage des chapelles basses de la nef Nord

482 3385 2345 133 et reprises des piliers du bas coté. on a terminé la peinture de la clef (voute centrale)

501 3483 2315 111 on a déposé entierement le pignon du transept Sud : [??] de la grande

494 3571 2333 136 rose placée au dessous. [??] du plomb et deposé de la charpente de la

475 3669 1387 126 première travée du comble du transept Sud.

528 3768 2261 122 on continue le voligeage de la charpente du comble au dessus de la 1ere

486 3878 2288 99 travée du chœur, on commence la plomberie des cheneaux : on monte la

494 3973 2284 114 nouvelle charpente à la place de celle qui a été déposée au dessus de la

475 4053 813 118 dernière travée de la nef.

376 4179 102 87 15.

494 4141 2360 140 fète de S.M l'Empereur. Te Deum chanté à 1h dans la Cathédrale

490 4247 1919 137 en présence des grands corps de l'Etat et des autorités etc.
