2858 4559
349 607 69 111 ?.

60 1755 346 193 Juin 14

342 2146 64 114 16

2667 3 183 133 335

452 136 2366 156 entre la partie restaurée de la croupe et la 1ere ferme de la croisée, placée au

418 220 2428 140 dessus de l'arc doubleau formant l'entrée du chœur. Chainage de la clef

440 311 762 122 de la voute centrale

76 364 345 164 Juin - 2.

463 398 2387 133 On continue les travaux de plomberie du 1er etage à pocr de la

444 509 1995 117 flèche : on garnit en plomb les colonnes et les balustrades.

462 600 2293 164 On poursuit le montage du grand échafaud du transept sud.

452 713 1592 130 a la hauteur de la rose du pignon supérieur.

342 782 79 190 9.

459 790 2387 118 Continuation des travaux de marbrerie du sanctuaire derrière l'autel.

425 896 2398 145 on commence à poser les grandes bandes de marbre languedoc formant les

429 987 1205 136 compartiments de dallage du chœur.

326 1101 88 88 11

452 1056 2398 140 Suite des travaux de sculpture dans les tympans qui surmontent

448 1170 2402 155 les arcs ogives des deux collatéraux du chœur donnant sur le transept

448 1276 239 103 nord.

349 1375 65 129 13

448 1356 2394 129 la construction des berceaux de la voute centrale se poursuit ; on a termine

437 1477 2341 138 le montage du grand échafaud : on commence à garnir en plomb le

429 1572 2337 103 soubassements de la flèche, ainsi que la xxxx de comble du chœur

406 1656 2391 114 formant périitratior dans le soubassement, et retie du comble de la nef.

475 1743 2303 133 à 10h. précises. Te Deum chante dans la Cathédrale à l'occasion

399 1850 2443 140 de l'annexion de Nice et de la Savoie. Le(s) gr-° dignitaires, les

444 1956 2387 118 enu de l'Etat, les Peur etcons ete assistent à la cérémonie celebrée

440 2059 1426 142 pour(?) le Cardinal archeveque de Paris. _

437 2138 2363 118 les travaux de marbrerie pour le dallage se poursuivent dans le

418 2237 2428 128 chœur et dans le sanctuaire, ainsi que les travaux de plomberie du 1er etage

459 2344 1912 95 à jour(?) de la flèche et des combles de la nef et du chœur.

349 2420 57 205 19

456 2442 2329 99 on dépose la rose supérieure du pignon du transept sud. on continue les

456 2530 1565 95 travaux de plomberie au soubassement de la flèche.

345 2636 65 114 22

475 2629 2227 95 on poursuit les travaux de dallage du chœur, et la sculpture des

463 2716 2144 119 tympans des petites ouvertures(?) au dessus des collatéraux du chœur nord.

334 2834 76 102 24

459 2826 2338 127 on commence le ravalement de la grande voute centrale au dessus de la

440 2921 2357 99 flèche, et le (??) de charpente des combles qui ont été découverts pour

448 3016 768 95 la construction de la flèche.

330 3100 84 114 28

440 3115 2322 95 on poursuit les travaux de plomberie au 1er etage à jour de la flèche, sur les

452 3198 2269 128 faces du soubassement et les murs(noces?) formés pour l'?? des combes. les

448 3309 1843 103 colonnes, balustrades et ouvertures à jour des pignons sont terminées.

53 3373 342 141 Juillet 1

456 3396 2398 125 les travaux se poursuivent de meme. on commence à poser les carreaux de marbre

448 3499 2364 114 qui forment les compartiments du dallage du chœur. ravalt de la voute centrale.

345 3594 65 91 4.

448 3575 2402 113 on continue le ruccoidesment de la charpente du comble au dessus du chœur

440 3677 2406 142 on Pogesé une partie de l'ancienne charpente au dessus de la nef près de la flèche.

342 3780 64 148 7

459 3768 2387 140 on a descendu les morceaux qui formaient la rose du pignon supérieur du transept

418 3867 2428 129 sud. on reprend pour consentement les faces des deux contreforts qui flanquent la

429 3951 2356 147 porte centrale de la façade. ravalement et fouitoiens de la voute centrale.

353 4076 57 133 9

429 4057 2421 118 Consanatio des travaux de plomberie de la flèche, du soubassement et des rvces

444 4144 2414 153 on termine la sculpture des tympans daui au dessus des arcs ogives des collatéraux

440 4243 1383 137 du chœur nord ouvrant sur le transept.
