2858 4559
2641 0 152 136 331

64 79 240 145 1860

414 91 653 148 nord du chœur.

60 205 266 136 Janvier

345 201 57 144 30

410 205 2345 121 On termine la construction du hangar en charpente dans la

414 307 2386 110 partie chantier de la rue du cloitre pour le tracé de l’équerre

414 402 1364 122 de la grande rose du transept sud.

60 478 251 152 février

319 490 83 117 1

478 497 2246 118 Pose de la balustrade et des pinacles qui surmontent la terrasse

429 592 2368 129 de la première chapelle basse du chœur nord à l’angle du transept

425 687 2398 137 sur la rue du cloitre. construction d’un plancher au dessous des cloches

437 797 1212 118 dans le beffroi de la tour du nord.

330 866 53 117 3

437 870 2382 132 Montage des bois pour le raccord de la charpente du grand comble

418 987 2227 126 on pose les [noues] dans les quatre angles rentrants formés par

410 1082 2390 126 l’intersection des combles, de chaque coté du grand saillant destiné

418 1185 718 121 à recevoir les figures.

296 1246 76 129 4

414 1265 2345 133 Continuation des travaux du chœur : mise en place des petites

418 1356 2360 159 colonnettes du sanctuaire destinée à porter les figures d’anges en

402 1462 2364 152 bronze enduit de la 5e colonne du chœur sud engagée dans la

402 1572 2395 95 en pierre - grattage du pilier d’angle du transept sud et du chœur

304 1641 57 167 6

452 1645 2307 129 on a terminé le grattage et le [rejointoyement] des trois travées de

406 1759 2364 117 voutes du bas coté sud du chœur : on commence la même opération

421 1850 2383 125 aux deux premières travées du triforium du chœur donnant sur le

418 1945 2348 129 transept sud on termine les voutes hautes du transept nord.

304 2047 72 122 8

440 2062 2269 95 aujourd’hui mercredi à 4h un garçon maçon + préparé a la mécanique

421 2157 2341 95 pour le montage des matériaux s’est laissé tomber du plancher haut

402 2237 2372 107 haut près de la rose du transept sud et a été tué sur le coup (+ Jean Benoit)

292 2336 91 118 10

437 2332 2363 152 On pose les ferrures des petites roses qui éclairent la galerie du

418 2427 2291 99 triforium du chœur coté du sud. on termine celle de la 1ere fenetre

410 2507 1144 118 haute du chœur coté du nord

288 2598 99 141 11

418 2598 2409 137 On commence la première couche de badigeon sur les voutes hautes du

418 2712 2382 106 transept nord qui ont été reprises et [rejointoyées] . on termine l’enduit

395 2807 2272 122 de la 5e colonne du chœur nord à l’angle de la cloture en pierre.

292 2834 103 193 13

418 2906 2409 114 On commence à échafauder la galerie du triforium de la nef nord

387 2997 2204 125 pour le grattage et le [rejointoyement] des voutes. on termine le ravalement

406 3096 2208 125 et la sculpture des [?] dans les chapelles basses de la nef nord.

296 3187 72 110 14

437 3187 2303 114 On met en place les statues d’anges en bronze sur les colonnettes du

425 3282 2299 133 sanctuaire : on commence la pose des piédestaux en marbre destinés

471 3381 1816 121 à supporter les statues de Louis XIII et Louis XIV.

311 3476 80 106 16

437 3468 2352 141 On continue le raccordement de la chapelle du grand comble à l’endroit

380 3571 2382 125 de la croisée avec la base de la flèche. on pose les pierres de raccord avec les noues.

323 3685 72 159 18

433 3673 2405 126 on poursuit les travaux de marbrerie du {chœur} sanctuaire : on

414 3764 2352 122 commence à poser les marbres de revêtement sur le piedestal qui supporte

429 3859 1995 114 le groupe en marbre placé dans la travée centrale du fond.

296 3947 80 114 20

433 3943 2341 137 Continuation du grattage du gros pilier du transept a l’angle du

425 4034 2280 148 chœur sud et des premières travées de voutes du triforium du chœur donnant

429 4148 2326 118 sur le transept sud : on termine la pose des ferrures des petites roses

0 4217 319 129 mort de Mr.

425 4236 1737 148 qui éclairent la galerie du triforium du chœur sud

3 4315 320 99 Durand, entr

7 4380 331 122 de plomberie
