2858 4559
98 83 213 18446744073709551530 332

144 98 247 148 1860

448 110 65 140 22

573 102 2216 167 Enterrement de M Durand, entrepreneur des travaux de

60 220 301 163 février

543 231 1057 122 plomberie de la cathédrale

448 311 91 190 25

589 315 2177 140 On apporte les grilles en fer forgé destinées à la clôture du

570 436 889 103 choeur et du sanctuaire

437 516 72 118 28

570 509 2189 129 Continuation des travaux de charpente (pose des [pannes] et

547 611 2086 122 [chevionnage]) pour le raccord des combles a leur intersection

30 691 277 152 Mars

383 691 88 125 1er

562 710 2197 125 On termine le grattage du gros pilier à l’angle du choeur et du

547 797 2212 137 transept sud on continue le même travail pour celui d’angle du

539 892 2265 133 transept nord et l’on échafaude celui d’angle de la nef et du transept

528 983 1022 149 nord pour le même opération.

410 1090 87 114 3

543 1086 2238 141 on continue le grattage des premières travées de voutes du triforium

528 1181 2253 122 du choeur donnant sur le transept sud on a terminé la peinture des

532 1272 2192 129 joints et des filets de couleur aux voutes hautes du transept nord

429 1360 65 133 6

570 1375 2215 137 on poursuit les travaux de marbrerie du sanctuaire la pose des

524 1474 2238 129 plaques de revêtement et des marbrures du piédestal supportant le groupe

535 1588 1619 102 pose des marbres et du dallage près de l’autel

558 1660 2239 125 les travaux de charpente pour le nord des combles à l’endroit de la

437 1698 60 186 9

524 1751 2242 137 fleche se poursuivent : on commence le [voligeage] des noues placées de

535 1857 1437 141 chaque coté de la contre flèche formant gradin

406 1956 88 125 13

554 1948 2246 137 continuation du grattage des gros piliers du transept nord continuation

528 2051 2295 129 des conduits en pierre pour les [??] du caveau des archevêques on

554 2150 2212 118 fait la vitrerie des petites roses éclairant la galerie du triforium du

516 2233 2125 141 chœur sud grattage de parties de voutes du triforium de la nef nord.

395 2336 106 133 15

520 2336 2311 133 on commence la pose des grilles en fer qui pourtournent le sanctuaire

516 2431 2315 118 celle formant la porte du coté de la sacristie est mise en place ainsi que la

520 2522 1893 129 partie dormante de la 1ere travée du sanctuaire coté du sud

399 2625 83 205 17

543 2610 2273 144 on a terminé la pose des marbres de revêtement du piédestal supportant

528 2712 2200 144 le groupe dans la travée centrale du sanctuaire. on poursuit la pose des

551 2818 1467 130 marbres et du dallage de chaque coté de l’autel.

418 2925 68 205 19

528 2906 2318 129 le grattage des voutes du triforium du chœur donnant sur le transept sud

520 3001 2296 140 est terminé : on débouche la fenêtre donnant sur la 1ere travée de ce même

509 3100 1554 129 triforium près de l’escalier - fete des charpentiers.

421 3195 65 110 21

577 3198 2193 130 on poursuit les travaux de marbrerie du sanctuaire la pose des

144 3187 167 213 autel

551 3293 2261 133 marbres circulaires devant l’autel on met en place la grille circulaire

516 3400 1760 121 dormante dans le sanctuaire sud du sanctuaire

414 3495 76 129 23

539 3472 2280 141 on termine la pose des grilles dormantes qui pourtourent le sanctuaire

539 3582 2284 106 on continue le grattage de parties de voutes du triforium de le nef nord

406 3677 53 224 26

528 3688 2204 126 on poursuit la pose de [volige] sur les portes, de raccordement des

547 3780 2117 121 combles a l’endroit de la flèche on commence la vitrerie des roses

516 3867 1726 133 qui éclairent la galerie du triforium de la nef nord

380 3947 98 148 28

573 3951 2250 140 reprise des deux travées du transept nord coté du choeur on rapporte les

547 4053 2242 137 morceaux de pierre formant [rampans] dans les tympans au dessus des arcs ogives

414 4167 57 95 31

558 4160 2273 110 travaux de marbrerie du sanctuaire on pose le dallage en marbre au

558 4247 2265 152 devant de l’autel et les marbres en languedoc entre les bahuts de clôture
