2858 4559
79 41 221 88 1860

2686 22 149 141 339

91 117 361 133 Octobre 15

497 110 2284 152 Les raccords de dallage se poursuivent dans le bas coté du chœur

490 220 2280 125 nord & sud : on commence le grattage et le lessivage interieur de la galerie

444 307 1650 126 du triforium du chœur dans la partie circulaire.

338 406 83 155 18

486 417 2273 118 On a monté les grandes lucarnes en charpente qui doivent recevoir des

459 512 2296 114 cadrans sur les deux versants est et ouest du comble du transept sud

467 604 1847 121 on poursuit la pose du chevronnage  sur ce même comble

342 699 79 140 20

463 699 2356 133 on pose le chainage destiné à relier les colonnettes de la galerie [à] jour placée

456 797 2348 114 sous la grande rose du transept sud : et l'on commence commence le voligeage du

467 885 2330 117 comble du transept sud sur le versant ouest, et la pose du socle  du chêneau

349 999 72 129 23

467 980 2341 129 On a terminé le grattage et le rejointoiement des voutes hautes du transept

444 1078 2368 137 sud ainsi que de la face intérieure de ce même transept du coté de la nef

490 1170 2318 136 les travaux de plomberie se poursuivent sur les gradins des noues formées

463 1276 2322 125 par l’intersection du grand comble et sur les portions refaites du comble de la

471 1367 2348 126 nef et du chœur. On terminé le ravalement du pilier d angle sous la tour Nord.

311 1455 110 125 26

478 1477 2341 114 On continue la reprise par incrustement des tympans au dessus des arcs

459 1561 2360 125 ogives de l’entrée des Collatéraux du chœur Sud : on commence le ravalement

440 1656 2406 129 de l’arcature aveugle qui orne les pignons. Reprise par incrt des meneaux de la chapelle

2607 1748 246 83 de Noailles

326 1755 84 159 29

486 1751 2333 140 On poursuit la reprise de l’arcature à jour placée en dessous de la grande

459 1857 2395 122 rose du transept Sud : on remplace les morceaux de meneaux qui ont eté déposés

444 1948 1745 137 pour le redressement des colonnettes et la pose du chainage.

3 2027 412 138 Novembre 3

467 2059 2345 106 les travaux de plomberie se poursuivent sur les parties de comble de

452 2146 2345 129 la nef et du chœur qui ont eté refaits,ainsi que sur les quatre contrefiches

444 2233 2360 122 de la flèche formant gradins dans les noues. on commence à poser la crète

429 2325 2390 144 en plomb qui orne le faitage sur la travée de comble du chœur qui a eté refaite

338 2435 72 91 6

482 2423 2280 133 les charpentiers ont mis en place le petit pavillon en bois destiné à

448 2515 2383 136 garantir l issue du petit escalier qui monte au 1er etage de la flèche. On

448 2606 2390 140 commence la pose des verrières en grisailles [dans] les cinq travées extrêmes de la

452 2705 2402 136 galerie du triforium du chœur, partie circulaire. pose du chassis au dessus de l’œil

2546 2803 312 74 de la voute centrale

334 2818 72 198 9

471 2807 2272 137 On continue les travaux du voligeage de la charpente pour les travées du

437 2910 2379 121 comble du transept Sud qui ont eté refaites : on construit un appentis provisoire

440 3008 2372 133 sur la dernière travée pour garantir les reins des voutes laissés à découvert par

452 3096 2014 133 la démolition du pignon, on commence la couverture en plomb.

323 3187 87 141 12

448 3183 2341 129 On a demonté l’orgue d’accompagnement du chœur qui a eté cedé à MM

421 3282 2398 141 Merklin & [Jehrïtze] : on garnit en plomb le petit pavillon de l’escalier de la

448 3400 2356 106 fleche et les lucarnes du comble du transept Sud destinées à recevoir des cadrans

323 3464 79 126 14

448 3472 2269 125 On commence à déposer le grand échafaudage sous la voute centrale.

456 3571 2390 140 On a remonté l’arcature à jour placée sous la grande rose du transept Sud jusqu’au

448 3662 2360 140 niveau de l’assise de recouvrement : on poursuit la pose de la [crete] en plomb

406 3764 2391 126 sur le comble du chœur, ainsi que la couverture du comble du transept Sud.

288 3859 111 171 17

448 3863 2383 129 On continue à poser les verrières en grisailles de MM Steinheil & Petit Gérard

414 3951 2086 133 aux fenêtres de la galerie du triforium du chœur partie circulaire.

281 4072 106 186 19

456 4057 2386 118 les marbriers poursuivent les raccords de dallage dans le bas coté du chœur

448 4163 2375 114 nord : on commence la sculpture des crochets des rampants au dessus des arcs

482 4239 2258 114 ogives de l’entrée des collatéraux du chœur Sud. Continuation des reprises

448 4342 2026 148 par incrustement des meneaux de la chapelle de Noailles.
