<?xml version="1.0" encoding="UTF-8"?>
<alto xmlns:xsi="http://www.w3.org/2001/XMLSchema-instance"
      xmlns="http://www.loc.gov/standards/alto/ns-v4#"
      xsi:schemaLocation="http://www.loc.gov/standards/alto/ns-v4# http://www.loc.gov/standards/alto/v4/alto-4-2.xsd">
  <Description>
    <MeasurementUnit>pixel</MeasurementUnit>
    <sourceImageInformation>
      <fileName>Notre_Dame_git.pdf_page_9.png</fileName>
      
    </sourceImageInformation>
  </Description>
  
  <Tags>
    <OtherTag ID="BT2" LABEL="Main" DESCRIPTION="block type Main"/><OtherTag ID="BT4" LABEL="Illustration" DESCRIPTION="block type Illustration"/><OtherTag ID="BT1411" LABEL="folio" DESCRIPTION="block type folio"/><OtherTag ID="BT1412" LABEL="année" DESCRIPTION="block type année"/><OtherTag ID="BT1453" LABEL="Marge" DESCRIPTION="block type Marge"/>
    
  </Tags>
  
  <Layout>
    <Page WIDTH="2858"
          HEIGHT="4559"
          PHYSICAL_IMG_NR="8"
          ID="eSc_dummypage_">
      <PrintSpace HPOS="0"
                  VPOS="0"
                  WIDTH="2858"
                  HEIGHT="4559">
        
        <TextBlock HPOS="81"
                   VPOS="6"
                   WIDTH="270"
                   HEIGHT="126"
                   ID="eSc_textblock_6bb9d763"
                   TAGREFS="BT1412">
          <Shape><Polygon POINTS="160 9 81 114 351 132 351 6"/></Shape>
          
          
          <TextLine ID="eSc_line_5245d54f"
                    
                    BASELINE="120 97 335 93" 
                    HPOS="110"
                    VPOS="0"
                    WIDTH="224"
                    HEIGHT="125">
            <Shape><Polygon POINTS="117 94 110 22 243 0 243 0 247 0 247 0 247 0 326 18 334 91 330 125 114 117"/></Shape>
	    <String CONTENT="1860"
                    HPOS="110"
                    VPOS="0"
                    WIDTH="224"
                    HEIGHT="125"></String>
          </TextLine>

          
        </TextBlock>
        
        <TextBlock HPOS="303"
                   VPOS="43"
                   WIDTH="184"
                   HEIGHT="118"
                   ID="eSc_textblock_e28f0ebb"
                   TAGREFS="BT1411">
          <Shape><Polygon POINTS="303 43 303 161 487 161 487 43 379 43"/></Shape>
          
          
          <TextLine ID="eSc_line_9bd079f2"
                    
                    BASELINE="374 141 468 141" 
                    HPOS="368"
                    VPOS="30"
                    WIDTH="99"
                    HEIGHT="133">
            <Shape><Polygon POINTS="372 140 372 30 467 37 467 140 463 163 368 151"/></Shape>
	    <String CONTENT="338"
                    HPOS="368"
                    VPOS="30"
                    WIDTH="99"
                    HEIGHT="133"></String>
          </TextLine>

          
        </TextBlock>
        
        <TextBlock HPOS="3"
                   VPOS="122"
                   WIDTH="475"
                   HEIGHT="4330"
                   ID="eSc_textblock_f8c66870"
                   TAGREFS="BT1453">
          <Shape><Polygon POINTS="3 122 33 1213 33 4452 478 4452 478 184 303 167 254 171 192 131"/></Shape>
          
        </TextBlock>
        
        <TextBlock HPOS="426"
                   VPOS="0"
                   WIDTH="2424"
                   HEIGHT="4387"
                   ID="eSc_textblock_48742860"
                   TAGREFS="BT2">
          <Shape><Polygon POINTS="2827 31 2827 1010 2827 1170 2827 1283 2827 1311 2827 1461 2827 1818 2827 1950 2850 2537 2827 2725 2827 2865 2842 4387 494 4383 479 3298 448 3252 485 3202 484 3012 435 2969 484 2926 487 2822 453 2757 493 2711 492 2058 448 2020 488 1946 485 1861 426 1839 494 1747 494 1658 494 1195 493 914 492 501 490 0 1701 16"/></Shape>
          
        </TextBlock>
        

        
        <TextBlock ID="eSc_dummyblock_">
          
          
          <TextLine ID="eSc_line_608db5d4"
                    
                    BASELINE="547 235 2812 212" 
                    HPOS="535"
                    VPOS="106"
                    WIDTH="2273"
                    HEIGHT="137">
            <Shape><Polygon POINTS="543 231 535 140 684 125 684 125 687 125 687 125 763 140 858 155 915 140 957 125 961 125 961 125 961 125 965 125 965 125 969 125 969 125 969 125 972 125 991 140 1014 151 1048 140 1086 125 1086 125 1090 125 1090 125 1094 125 1094 125 1094 125 1159 140 1200 148 1238 140 1311 117 1314 117 1314 117 1318 117 1318 117 1493 140 1573 148 1584 140 1607 121 1607 117 1607 117 1611 117 1611 117 1611 117 1615 117 1615 117 1619 117 1619 117 1619 117 1622 117 1622 117 1622 117 1626 117 1653 140 1672 148 1778 140 2044 113 2044 113 2048 113 2048 113 2052 113 2052 113 2052 113 2101 140 2101 140 2246 140 2253 140 2295 110 2299 110 2299 110 2299 110 2303 110 2303 110 2303 110 2424 106 2428 106 2428 106 2428 106 2576 140 2800 140 2808 208 2804 231 543 243"/></Shape>
	    <String CONTENT="[??] des terrasses que surmontent la galerie du triforium du"
                    HPOS="535"
                    VPOS="106"
                    WIDTH="2273"
                    HEIGHT="137"></String>
          </TextLine>

          
          
          <TextLine ID="eSc_line_2bc40d22"
                    
                    BASELINE="28 246 519 236" 
                    HPOS="15"
                    VPOS="148"
                    WIDTH="501"
                    HEIGHT="140">
            <Shape><Polygon POINTS="26 243 22 148 509 151 516 235 516 258 391 284 391 284 391 284 387 284 387 284 383 284 383 284 383 284 380 284 342 258 342 254 338 258 300 284 296 284 296 284 296 284 292 284 292 284 292 284 288 284 288 284 133 258 91 288 87 288 87 288 87 288 83 288 83 288 83 288 79 288 79 288 76 288 76 288 76 288 72 288 15 254"/></Shape>
	    <String CONTENT="Septembre .17"
                    HPOS="15"
                    VPOS="148"
                    WIDTH="501"
                    HEIGHT="140"></String>
          </TextLine>

          
          
          <TextLine ID="eSc_line_6de2b85b"
                    
                    BASELINE="490 303 2778 311" 
                    HPOS="478"
                    VPOS="220"
                    WIDTH="2296"
                    HEIGHT="106">
            <Shape><Polygon POINTS="486 300 478 243 547 220 551 220 551 220 551 220 554 220 554 220 554 220 661 243 672 243 706 243 1086 220 1090 220 1090 220 1090 220 1094 220 1094 220 1098 220 1098 220 1128 243 1128 246 1356 246 1360 243 1406 220 1406 220 1406 220 1409 220 1409 220 1413 220 1569 220 1569 220 1569 220 1573 220 1573 220 1630 246 1634 250 1793 250 1801 246 1843 224 1843 224 1843 224 1847 224 1847 224 1847 224 1850 224 1850 224 1854 224 1934 246 1938 246 1942 246 1983 224 1983 224 1983 224 1987 224 1987 224 1991 224 1991 224 1991 224 2105 246 2109 246 2116 246 2227 224 2227 224 2227 224 2230 224 2230 224 2234 224 2234 224 2234 224 2238 224 2272 246 2272 246 2276 246 2432 224 2432 224 2436 224 2436 224 2436 224 2439 224 2439 224 2493 246 2599 224 2599 224 2599 224 2603 224 2603 224 2770 250 2774 307 2766 326 478 319"/></Shape>
	    <String CONTENT="choeur 难 et des [parements] des murs entre les croisées hautes du choeur"
                    HPOS="478"
                    VPOS="220"
                    WIDTH="2296"
                    HEIGHT="106"></String>
          </TextLine>

          
          
          <TextLine ID="eSc_line_a78c33bd"
                    
                    BASELINE="509 406 2831 406" 
                    HPOS="505"
                    VPOS="322"
                    WIDTH="2330"
                    HEIGHT="122">
            <Shape><Polygon POINTS="505 402 505 349 843 349 912 322 915 322 915 322 915 322 919 322 919 322 1037 341 1067 326 1067 326 1067 326 1071 326 1071 326 1071 326 1075 326 1075 326 1079 326 1079 326 1079 326 1083 326 1083 326 1083 330 1102 349 1235 349 1257 326 1257 322 1257 322 1261 322 1261 322 1261 322 1265 322 1265 322 1265 322 1269 322 1269 322 1417 345 1615 322 1615 322 1619 322 1619 322 1622 322 1622 322 1691 349 2002 349 2021 330 2021 326 2021 326 2025 326 2025 326 2025 326 2029 326 2029 326 2033 326 2033 326 2033 326 2037 326 2086 341 2105 326 2105 322 2105 322 2109 322 2109 322 2109 322 2113 322 2113 322 2113 322 2116 322 2116 322 2120 322 2120 322 2181 345 2284 322 2284 322 2284 322 2287 322 2287 322 2291 322 2291 322 2352 345 2508 326 2508 326 2512 326 2512 326 2645 345 2785 322 2785 322 2789 322 2789 322 2789 322 2793 322 2793 322 2793 322 2797 322 2835 349 2827 402 2827 425 2303 444 2299 444 2299 444 2295 444 2295 444 2261 433 2242 425 2101 433 1968 440 1964 440 1850 436 1603 421 1588 436 1584 436 1584 440 1584 440 1581 440 1581 440 1581 440 1577 440 1577 440 1577 440 1573 440 1527 436 1337 421 1238 440 1208 444 1208 444 1204 444 1204 444 1162 440 1029 425 991 440 984 444 984 444 980 444 980 444 980 444 976 444 976 444 976 444 972 444 965 440 900 421 790 444 779 444 779 444 779 444 775 444 775 444 771 444 771 444 767 444 714 421 505 444"/></Shape>
	    <String CONTENT="jusqu&#39;aux chapiteaux des meneaux. on monte un échafaudage interieur"
                    HPOS="505"
                    VPOS="322"
                    WIDTH="2330"
                    HEIGHT="122"></String>
          </TextLine>

          
          
          <TextLine ID="eSc_line_2d117921"
                    
                    BASELINE="505 505 2819 497" 
                    HPOS="490"
                    VPOS="414"
                    WIDTH="2326"
                    HEIGHT="110">
            <Shape><Polygon POINTS="501 501 490 448 547 425 547 425 551 425 551 425 554 425 554 425 695 440 722 417 722 417 722 417 725 417 725 417 729 417 729 417 729 417 733 417 733 417 733 417 843 440 950 417 950 417 950 417 953 417 953 417 957 417 957 417 957 417 961 417 961 417 961 421 976 433 999 417 1003 417 1003 417 1003 417 1007 417 1007 417 1010 417 1375 417 1375 417 1375 417 1478 440 1543 417 1543 417 1546 417 1546 417 1550 417 1550 417 1550 417 1638 433 1771 414 1771 414 1774 414 1774 414 1964 436 2143 414 2143 414 2147 414 2147 414 2147 414 2151 414 2234 440 2614 440 2641 417 2641 417 2645 417 2645 417 2648 417 2648 417 2648 417 2652 417 2652 417 2808 440 2816 493 2812 524 501 524"/></Shape>
	    <String CONTENT="pour les reprises des tympans au dessus de l&#39;entrée des collatéraux du choeur"
                    HPOS="490"
                    VPOS="414"
                    WIDTH="2326"
                    HEIGHT="110"></String>
          </TextLine>

          
          
          <TextLine ID="eSc_line_7629287b"
                    
                    BASELINE="471 588 2329 600" 
                    HPOS="459"
                    VPOS="505"
                    WIDTH="1866"
                    HEIGHT="118">
            <Shape><Polygon POINTS="467 585 467 516 950 528 965 512 972 509 972 505 972 505 976 505 976 505 976 505 980 505 980 505 984 505 1086 505 1086 505 1086 505 1090 505 1090 505 1090 505 1105 512 1147 535 1436 535 1467 512 1470 512 1470 512 1470 512 1470 512 1474 512 1474 512 1478 512 1478 512 1478 512 1486 512 1584 531 1607 512 1611 509 1611 509 1611 509 1615 509 1615 509 1619 509 1619 509 1619 509 1622 509 1622 509 1664 512 1862 535 1907 512 1907 512 1907 512 1907 512 1911 512 1911 512 1915 512 1915 512 1915 512 1919 512 1919 512 1919 512 1972 535 1991 516 1991 512 1991 512 1995 512 1995 512 1995 512 1995 512 1999 512 1999 512 2002 512 2325 512 2325 596 2318 623 459 615"/></Shape>
	    <String CONTENT="dans le transept sud comme il a été fait du coté nord."
                    HPOS="459"
                    VPOS="505"
                    WIDTH="1866"
                    HEIGHT="118"></String>
          </TextLine>

          
          
          <TextLine ID="eSc_line_2661333c"
                    
                    BASELINE="507 703 2800 683" 
                    HPOS="501"
                    VPOS="596"
                    WIDTH="2296"
                    HEIGHT="144">
            <Shape><Polygon POINTS="505 702 501 619 893 634 938 611 942 611 942 611 942 611 946 611 946 611 950 611 950 611 950 611 953 611 953 611 953 611 957 611 999 634 1174 611 1181 611 1181 611 1185 611 1185 611 1185 611 1189 611 1189 611 1257 634 1284 615 1288 615 1288 615 1288 615 1292 615 1292 615 1292 615 1295 615 1508 630 1554 607 1554 607 1554 607 1554 607 1558 607 1558 607 1558 607 1562 607 1562 607 1565 607 1565 607 1641 626 1805 604 1820 604 1820 604 1824 604 1824 604 1824 604 1828 604 1831 604 1900 626 1923 607 1923 607 1926 607 1926 607 1930 607 1930 607 1930 607 2154 604 2158 604 2158 604 2162 604 2162 604 2162 604 2166 604 2166 604 2189 626 2405 626 2489 604 2493 604 2493 604 2496 604 2496 604 2698 619 2781 596 2797 680 2793 699 2382 721 2379 721 2052 714 1744 706 1687 721 1653 729 1649 729 1649 729 1645 729 1402 725 889 714 744 737 733 737 733 737 729 737 729 737 718 737 554 718 509 740"/></Shape>
	    <String CONTENT="[难19] on poursuit la converture en plomb des travées de charpente qui ont"
                    HPOS="501"
                    VPOS="596"
                    WIDTH="2296"
                    HEIGHT="144"></String>
          </TextLine>

          
          
          <TextLine ID="eSc_line_86e80bc5"
                    
                    BASELINE="392 713 463 715" 
                    HPOS="387"
                    VPOS="611"
                    WIDTH="72"
                    HEIGHT="148">
            <Shape><Polygon POINTS="391 710 387 615 456 611 459 714 456 744 387 759"/></Shape>
	    <String CONTENT="19"
                    HPOS="387"
                    VPOS="611"
                    WIDTH="72"
                    HEIGHT="148"></String>
          </TextLine>

          
          
          <TextLine ID="eSc_line_a57e0bf4"
                    
                    BASELINE="505 790 2816 790" 
                    HPOS="497"
                    VPOS="706"
                    WIDTH="2315"
                    HEIGHT="110">
            <Shape><Polygon POINTS="501 786 497 729 786 706 790 706 790 706 984 725 995 725 999 725 1048 706 1048 706 1052 706 1052 706 1056 706 1056 706 1056 706 1060 706 1060 706 1064 706 1064 706 1086 725 1090 729 1383 729 1387 725 1413 706 1417 706 1417 706 1417 706 1421 706 1421 706 1425 706 1622 706 1622 706 1622 706 1626 706 1626 706 1626 706 1630 706 1630 706 1649 725 1653 729 1831 729 1839 721 1858 706 1858 706 1862 706 1862 706 1866 706 1866 706 1866 706 1869 706 1869 706 1983 721 2014 725 2808 721 2812 786 2812 809 501 816"/></Shape>
	    <String CONTENT="été refaites de chaque coté de la flèche (choeur et nef) on a posé le faitage"
                    HPOS="497"
                    VPOS="706"
                    WIDTH="2315"
                    HEIGHT="110"></String>
          </TextLine>

          
          
          <TextLine ID="eSc_line_c8cdd1b0"
                    
                    BASELINE="505 889 2806 895" 
                    HPOS="494"
                    VPOS="809"
                    WIDTH="2310"
                    HEIGHT="114">
            <Shape><Polygon POINTS="501 885 497 813 2797 809 2804 892 2800 900 2603 923 2603 923 2599 923 2599 923 2466 904 2458 904 2451 904 2238 923 2238 923 2234 923 1896 904 1847 904 1828 904 1702 923 1702 923 1698 923 1698 923 1493 908 1406 900 1371 908 1314 919 1314 919 1314 919 1311 919 1311 919 1307 919 1307 919 1273 908 1250 900 1189 908 1090 919 1090 919 1086 919 494 908"/></Shape>
	    <String CONTENT="et les fourchettes en fer destinées aa supporter la crète en plomb sur la travée"
                    HPOS="494"
                    VPOS="809"
                    WIDTH="2310"
                    HEIGHT="114"></String>
          </TextLine>

          
          
          <TextLine ID="eSc_line_0257d86a"
                    
                    BASELINE="507 982 2785 991" 
                    HPOS="501"
                    VPOS="896"
                    WIDTH="2280"
                    HEIGHT="122">
            <Shape><Polygon POINTS="505 980 505 896 2778 908 2781 987 2781 991 2603 1014 2603 1018 2496 1018 2493 1014 2493 1014 2489 1014 2489 1014 2489 1014 2485 1014 2485 1014 2485 1010 2481 1010 2470 995 2470 995 2470 995 2287 1014 2287 1018 2284 1014 2113 995 2097 995 2094 995 2040 1014 2040 1014 2037 1014 2037 1014 2033 1014 2033 1014 1862 995 1835 995 501 999"/></Shape>
	    <String CONTENT="du choeur. on pose le socle formant cheneau a la [1ère] travée de la nef Nord."
                    HPOS="501"
                    VPOS="896"
                    WIDTH="2280"
                    HEIGHT="122"></String>
          </TextLine>

          
          
          <TextLine ID="eSc_line_1323da99"
                    
                    BASELINE="399 1088 463 1088" 
                    HPOS="387"
                    VPOS="987"
                    WIDTH="72"
                    HEIGHT="141">
            <Shape><Polygon POINTS="395 1086 395 987 459 987 459 1086 452 1128 387 1105"/></Shape>
	    <String CONTENT="21"
                    HPOS="387"
                    VPOS="987"
                    WIDTH="72"
                    HEIGHT="141"></String>
          </TextLine>

          
          
          <TextLine ID="eSc_line_42e13b4a"
                    
                    BASELINE="517 1083 2819 1071" 
                    HPOS="509"
                    VPOS="980"
                    WIDTH="2307"
                    HEIGHT="129">
            <Shape><Polygon POINTS="516 1082 509 995 630 991 634 991 634 991 638 991 638 991 638 991 646 995 695 1018 813 995 832 991 832 991 836 991 1045 991 1045 991 1045 991 1048 991 1048 991 1048 991 1052 991 1052 991 1052 995 1086 1018 1246 995 1254 995 1254 995 1257 995 1257 995 1265 995 1398 1014 1429 995 1436 987 1440 987 1440 987 1440 987 1444 987 1444 987 1444 987 1448 987 1448 987 1451 987 1451 987 1451 987 1467 995 1505 1014 1543 995 1554 991 1554 991 1558 991 1558 991 1558 991 1562 991 1562 991 1565 991 1565 991 1577 995 1630 1014 1664 995 1687 983 1687 983 1687 983 1691 983 1691 983 1691 983 1695 983 1695 983 1698 983 1698 983 1698 983 1721 995 1752 1010 1858 995 1919 987 1919 987 1923 987 1923 987 1926 987 1926 987 1926 987 1930 987 1942 995 1968 1014 2189 1014 2219 995 2249 980 2249 980 2249 980 2253 980 2253 980 2253 980 2257 980 2257 980 2261 980 2261 980 2261 980 2265 980 2265 980 2284 995 2295 1006 2306 995 2329 980 2333 980 2333 980 2333 980 2337 980 2337 980 2337 980 2341 980 2341 980 2439 995 2481 1002 2500 995 2538 983 2538 983 2542 983 2542 983 2546 983 2808 999 2816 1067 2812 1109 516 1109"/></Shape>
	    <String CONTENT="du choeur. on pose le socle formant cheneau a la [1ère] travée de la nef Nord."
                    HPOS="509"
                    VPOS="980"
                    WIDTH="2307"
                    HEIGHT="129"></String>
          </TextLine>

          
          
          <TextLine ID="eSc_line_f8774b07"
                    
                    BASELINE="476 1189 2812 1181" 
                    HPOS="467"
                    VPOS="1082"
                    WIDTH="2341"
                    HEIGHT="118">
            <Shape><Polygon POINTS="475 1185 467 1086 657 1086 657 1086 657 1086 661 1086 661 1086 661 1086 661 1086 665 1086 665 1086 665 1090 687 1113 874 1113 938 1086 946 1086 950 1086 950 1086 953 1086 1128 1086 1128 1086 1128 1086 1132 1086 1132 1086 1132 1086 1136 1086 1136 1086 1136 1090 1136 1090 1155 1105 1235 1090 1238 1090 1238 1090 1238 1090 1242 1090 1242 1090 1246 1090 1246 1090 1246 1090 1246 1090 1250 1090 1280 1113 1508 1113 1527 1090 1531 1090 1531 1086 1531 1086 1535 1086 1535 1086 1535 1086 1539 1086 1539 1086 1543 1086 1543 1086 1543 1086 1577 1090 1653 1105 1729 1094 1774 1086 1774 1086 1778 1086 1778 1086 1778 1086 1782 1086 1782 1086 1786 1086 1793 1094 1816 1105 1866 1094 1904 1086 1904 1086 1904 1086 1907 1086 2040 1094 2200 1105 2211 1094 2227 1082 2227 1082 2227 1082 2230 1082 2230 1082 2234 1082 2234 1082 2234 1082 2238 1082 2238 1082 2238 1082 2242 1082 2242 1082 2272 1097 2295 1109 2398 1109 2409 1097 2424 1082 2424 1082 2428 1082 2428 1082 2428 1082 2432 1082 2432 1082 2432 1082 2436 1082 2436 1082 2439 1082 2493 1097 2523 1105 2797 1101 2808 1177 2804 1196 475 1200"/></Shape>
	    <String CONTENT="sud. on pose les serrures pour les verrières des croisées hautes du transept"
                    HPOS="467"
                    VPOS="1082"
                    WIDTH="2341"
                    HEIGHT="118"></String>
          </TextLine>

          
          
          <TextLine ID="eSc_line_82f6a50e"
                    
                    BASELINE="491 1283 2819 1280" 
                    HPOS="478"
                    VPOS="1181"
                    WIDTH="2338"
                    HEIGHT="114">
            <Shape><Polygon POINTS="490 1280 478 1208 558 1181 562 1181 562 1181 566 1181 710 1181 710 1181 710 1181 714 1181 714 1181 714 1181 718 1181 718 1181 741 1200 817 1181 820 1181 820 1181 824 1181 824 1181 991 1200 1113 1181 1113 1181 1117 1181 1117 1181 1269 1200 1330 1181 1333 1181 1333 1181 1333 1181 1337 1181 1337 1181 1337 1181 1425 1200 1493 1181 1497 1181 1497 1181 1501 1181 1501 1181 1683 1200 1953 1181 1957 1181 2512 1200 2645 1181 2645 1181 2648 1181 2648 1181 2808 1204 2816 1276 2816 1287 490 1295"/></Shape>
	    <String CONTENT="sud face Est; celui du coté nord (face est) sont terminés ainsi que le dallage"
                    HPOS="478"
                    VPOS="1181"
                    WIDTH="2338"
                    HEIGHT="114"></String>
          </TextLine>

          
          
          <TextLine ID="eSc_line_1e464733"
                    
                    BASELINE="471 1372 2800 1360" 
                    HPOS="459"
                    VPOS="1265"
                    WIDTH="2338"
                    HEIGHT="125">
            <Shape><Polygon POINTS="467 1371 459 1272 573 1299 676 1272 680 1272 684 1272 684 1272 687 1272 687 1272 703 1272 851 1291 953 1272 972 1272 972 1272 976 1272 976 1272 976 1272 980 1272 980 1272 980 1272 984 1276 1029 1299 1056 1276 1060 1272 1060 1268 1060 1268 1064 1268 1064 1268 1064 1268 1067 1268 1067 1268 1071 1268 1375 1276 1375 1276 1375 1276 1379 1276 1379 1276 1379 1276 1383 1276 1383 1276 1383 1276 1402 1295 1455 1276 1482 1268 1486 1268 1486 1268 1486 1268 1489 1268 1489 1268 1493 1268 1493 1268 1520 1276 1569 1295 1858 1280 2014 1272 2018 1272 2018 1272 2094 1280 2173 1291 2219 1284 2299 1265 2299 1265 2299 1265 2303 1265 2303 1265 2306 1265 2379 1284 2401 1287 2428 1284 2531 1265 2531 1265 2531 1265 2534 1265 2789 1287 2797 1356 2797 1371 467 1390"/></Shape>
	    <String CONTENT="des chapelles basses de la nef Nord. on a terminé aussi la dépose de la rose"
                    HPOS="459"
                    VPOS="1265"
                    WIDTH="2338"
                    HEIGHT="125"></String>
          </TextLine>

          
          
          <TextLine ID="eSc_line_f8dd5b8d"
                    
                    BASELINE="486 1458 2781 1458" 
                    HPOS="475"
                    VPOS="1371"
                    WIDTH="2303"
                    HEIGHT="133">
            <Shape><Polygon POINTS="482 1455 482 1371 722 1371 722 1371 722 1371 725 1371 725 1371 725 1371 729 1371 729 1371 729 1371 729 1375 752 1394 858 1375 881 1371 881 1371 881 1371 885 1371 885 1371 889 1371 904 1375 980 1398 1174 1398 1193 1379 1197 1375 1197 1371 1197 1371 1200 1371 1200 1371 1200 1371 1204 1371 1204 1371 1208 1371 1208 1371 1208 1371 1212 1371 1212 1371 1212 1371 1216 1371 1223 1379 1246 1394 1280 1379 1292 1375 1292 1375 1295 1375 1295 1375 1295 1375 1299 1375 1299 1375 1345 1379 1459 1394 1482 1382 1493 1371 1497 1371 1497 1371 1497 1371 1501 1371 1501 1371 1501 1371 1505 1371 1679 1382 1843 1398 1953 1398 1961 1386 1976 1375 1976 1371 1976 1371 1980 1371 1980 1371 1980 1371 1983 1371 1983 1371 1987 1371 1987 1371 1987 1371 1991 1371 2040 1386 2067 1394 2181 1390 2504 1371 2508 1371 2508 1371 2512 1371 2512 1371 2512 1371 2515 1371 2550 1394 2553 1398 2778 1398 2778 1455 2778 1485 1926 1500 1923 1500 1923 1500 1919 1500 1854 1485 1839 1481 1805 1485 1641 1500 1641 1500 1638 1500 1638 1500 1634 1500 1634 1500 1634 1500 1596 1481 1596 1481 1596 1481 1573 1500 1573 1500 1569 1500 1569 1500 1569 1500 1565 1500 1565 1500 1565 1504 1390 1504 1387 1500 1387 1500 1383 1500 1383 1500 1383 1500 1379 1500 1379 1500 1379 1496 1360 1481 1360 1481 1102 1481 1094 1481 991 1500 991 1500 991 1500 988 1500 988 1500 988 1500 984 1500 923 1481 923 1481 923 1481 828 1500 828 1500 828 1500 824 1500 824 1500 824 1500 725 1481 687 1500 687 1500 687 1500 684 1500 684 1500 684 1500 680 1500 680 1500 676 1500 676 1500 676 1500 672 1500 672 1500 649 1481 551 1500 551 1500 551 1500 547 1500 547 1500 547 1500 543 1500 475 1477"/></Shape>
	    <String CONTENT="et commmencé celle de l&#39;ouverture à jour placée au dessous et de la corniche"
                    HPOS="475"
                    VPOS="1371"
                    WIDTH="2303"
                    HEIGHT="133"></String>
          </TextLine>

          
          
          <TextLine ID="eSc_line_eb8cd892"
                    
                    BASELINE="482 1561 1170 1553" 
                    HPOS="471"
                    VPOS="1474"
                    WIDTH="695"
                    HEIGHT="129">
            <Shape><Polygon POINTS="478 1557 471 1481 585 1477 589 1477 589 1477 589 1477 592 1477 592 1477 596 1477 600 1481 634 1500 748 1481 767 1481 767 1481 771 1481 771 1481 771 1481 775 1481 775 1481 775 1481 779 1481 779 1481 805 1500 839 1485 862 1474 862 1474 866 1474 866 1474 866 1474 870 1474 870 1474 874 1474 915 1485 965 1496 1155 1489 1166 1550 1166 1572 950 1599 950 1599 946 1599 946 1599 946 1599 942 1599 942 1599 912 1584 881 1572 836 1588 794 1603 790 1603 790 1603 790 1603 786 1603 786 1603 786 1603 782 1603 782 1603 779 1603 779 1603 779 1599 767 1591 748 1576 543 1576 482 1603"/></Shape>
	    <String CONTENT="formant [passage]."
                    HPOS="471"
                    VPOS="1474"
                    WIDTH="695"
                    HEIGHT="129"></String>
          </TextLine>

          
          
          <TextLine ID="eSc_line_ac63e6a6"
                    
                    BASELINE="396 1664 480 1658" 
                    HPOS="383"
                    VPOS="1550"
                    WIDTH="95"
                    HEIGHT="140">
            <Shape><Polygon POINTS="395 1660 383 1565 467 1550 478 1656 475 1690 395 1690"/></Shape>
	    <String CONTENT="22"
                    HPOS="383"
                    VPOS="1550"
                    WIDTH="95"
                    HEIGHT="140"></String>
          </TextLine>

          
          
          <TextLine ID="eSc_line_7d0ebfaa"
                    
                    BASELINE="508 1660 2812 1652" 
                    HPOS="494"
                    VPOS="1561"
                    WIDTH="2314"
                    HEIGHT="133">
            <Shape><Polygon POINTS="505 1656 494 1591 551 1565 551 1565 554 1565 554 1565 558 1565 946 1565 946 1565 946 1565 950 1565 950 1565 950 1565 953 1565 953 1565 976 1584 1128 1565 1132 1565 1387 1565 1387 1565 1387 1565 1390 1565 1390 1565 1390 1565 1394 1565 1421 1584 1425 1584 1752 1584 1755 1580 1793 1561 1793 1561 1793 1561 1797 1561 1797 1561 1801 1561 1801 1561 1801 1561 1805 1561 1869 1580 1873 1580 1873 1580 1972 1561 1972 1561 1972 1561 1976 1561 1976 1561 2094 1580 2109 1580 2120 1580 2238 1561 2238 1561 2242 1561 2242 1561 2242 1561 2333 1576 2356 1580 2375 1576 2466 1561 2466 1561 2470 1561 2800 1576 2808 1648 2808 1660 2622 1690 2622 1690 2618 1690 2618 1690 2405 1671 2204 1690 2204 1690 2200 1690 2200 1690 2196 1690 2196 1690 2196 1690 2192 1690 2192 1690 2162 1667 1934 1690 1934 1690 1930 1690 1930 1690 1926 1690 1926 1690 1926 1690 1923 1690 1923 1690 1900 1667 1896 1667 1885 1667 1698 1686 1698 1686 1695 1686 1695 1686 1691 1686 1691 1686 1691 1686 1657 1667 1653 1667 1626 1671 1429 1694 1429 1694 1425 1694 1425 1694 1425 1694 1318 1671 1295 1667 1288 1671 1246 1694 1246 1694 1246 1694 1242 1694 1242 1694 1242 1694 1238 1694 1238 1694 1238 1694 1235 1694 1235 1694 1235 1694 1197 1671 1189 1667 1181 1671 1162 1686 1159 1686 1159 1686 1159 1686 1155 1686 1155 1686 1151 1686 1151 1686 1026 1675 961 1667 950 1675 912 1694 912 1694 912 1694 908 1694 908 1694 908 1694 904 1694 904 1694 900 1694 828 1675 798 1667 505 1675"/></Shape>
	    <String CONTENT="on a transporté l&#39;échafaudage en bascule au dessus de la porte de gauche"
                    HPOS="494"
                    VPOS="1561"
                    WIDTH="2314"
                    HEIGHT="133"></String>
          </TextLine>

          
          
          <TextLine ID="eSc_line_113e957c"
                    
                    BASELINE="467 1740 2789 1747" 
                    HPOS="459"
                    VPOS="1675"
                    WIDTH="2326"
                    HEIGHT="114">
            <Shape><Polygon POINTS="463 1736 459 1679 2778 1675 2785 1743 2778 1774 2276 1766 2242 1774 2162 1789 2162 1789 2162 1789 2158 1789 2158 1789 2037 1770 1999 1766 1976 1770 1904 1789 1900 1789 1900 1789 1896 1789 1896 1789 1896 1789 1892 1789 1892 1789 1888 1789 1888 1789 1866 1770 1862 1766 1847 1770 1767 1789 1763 1789 1763 1789 1759 1789 1759 1789 1755 1789 1755 1789 1755 1789 1714 1770 1706 1766 1676 1770 1524 1785 1524 1785 1520 1785 1520 1785 1520 1785 1516 1785 1516 1785 1474 1766 1463 1762 1269 1762 1250 1766 1174 1785 1170 1785 1170 1785 1166 1785 1166 1785 1162 1785 1162 1785 1162 1785 1159 1785 1128 1766 1128 1762 1124 1766 1098 1785 1094 1785 1094 1785 1094 1785 1090 1785 1090 1785 1090 1789 988 1789 984 1785 984 1785 980 1785 980 1785 976 1785 942 1762 942 1762 942 1762 912 1785 908 1785 908 1785 908 1785 904 1785 904 1785 904 1789 604 1789 600 1785 600 1785 459 1759"/></Shape>
	    <String CONTENT="de la facade principale pour la reprise des [portions] de tapissirie au dessus"
                    HPOS="459"
                    VPOS="1675"
                    WIDTH="2326"
                    HEIGHT="114"></String>
          </TextLine>

          
          
          <TextLine ID="eSc_line_0fae171a"
                    
                    BASELINE="453 1857 1363 1854" 
                    HPOS="448"
                    VPOS="1755"
                    WIDTH="912"
                    HEIGHT="121">
            <Shape><Polygon POINTS="452 1853 452 1755 684 1789 748 1789 775 1762 775 1759 775 1759 779 1759 779 1759 779 1759 782 1759 782 1759 782 1759 786 1759 786 1759 790 1759 1075 1785 1356 1766 1360 1853 1356 1876 448 1872"/></Shape>
	    <String CONTENT="des voussures de cette porte."
                    HPOS="448"
                    VPOS="1755"
                    WIDTH="912"
                    HEIGHT="121"></String>
          </TextLine>

          
          
          <TextLine ID="eSc_line_b6597710"
                    
                    BASELINE="394 1947 466 1947" 
                    HPOS="391"
                    VPOS="1869"
                    WIDTH="72"
                    HEIGHT="110">
            <Shape><Polygon POINTS="391 1945 391 1869 463 1872 463 1945 463 1967 391 1979"/></Shape>
	    <String CONTENT="26"
                    HPOS="391"
                    VPOS="1869"
                    WIDTH="72"
                    HEIGHT="110"></String>
          </TextLine>

          
          
          <TextLine ID="eSc_line_edabf929"
                    
                    BASELINE="514 1956 2781 1941" 
                    HPOS="509"
                    VPOS="1846"
                    WIDTH="2269"
                    HEIGHT="133">
            <Shape><Polygon POINTS="513 1952 509 1880 589 1884 604 1876 649 1857 649 1857 653 1857 653 1857 653 1857 657 1857 657 1857 657 1857 661 1857 722 1876 744 1888 946 1888 961 1876 999 1857 999 1857 999 1857 1003 1857 1003 1857 1003 1857 1007 1857 1007 1857 1159 1872 1216 1853 1216 1853 1219 1853 1219 1853 1223 1853 1223 1853 1223 1853 1227 1853 1227 1853 1227 1853 1231 1853 1265 1876 1269 1880 1273 1876 1303 1861 1303 1861 1303 1861 1307 1861 1307 1861 1307 1861 1311 1861 1311 1861 1409 1876 1436 1880 1459 1876 1569 1853 1569 1853 1569 1853 1573 1853 1573 1853 1725 1872 1755 1850 1755 1850 1759 1850 1759 1850 1763 1850 1763 1850 1763 1850 1767 1850 2147 1876 2177 1876 2181 1876 2227 1846 2230 1846 2230 1846 2230 1846 2234 1846 2234 1846 2238 1846 2238 1846 2238 1846 2363 1872 2466 1846 2470 1846 2470 1846 2474 1846 2474 1846 2474 1846 2477 1846 2477 1846 2531 1872 2770 1876 2778 1937 2778 1952 1911 1975 1907 1975 1702 1956 1668 1956 1657 1956 1581 1979 1577 1979 1577 1979 1577 1979 1573 1979 1573 1979 1440 1960 1436 1960 1436 1960 1299 1979 1299 1979 1295 1979 1295 1979 1178 1960 1170 1960 1151 1960 855 1979 851 1979 509 1960"/></Shape>
	    <String CONTENT="on commence la reprise par incrustement des parterres de tympans au"
                    HPOS="509"
                    VPOS="1846"
                    WIDTH="2269"
                    HEIGHT="133"></String>
          </TextLine>

          
          
          <TextLine ID="eSc_line_dc327a55"
                    
                    BASELINE="501 2036 2766 2043" 
                    HPOS="490"
                    VPOS="1945"
                    WIDTH="2272"
                    HEIGHT="125">
            <Shape><Polygon POINTS="497 2032 497 1945 619 1971 672 1948 672 1948 676 1948 676 1948 680 1948 725 1948 836 1948 836 1948 836 1948 839 1948 839 1948 839 1948 839 1948 843 1948 843 1948 870 1971 999 1952 1026 1948 1026 1948 1029 1948 1029 1948 1033 1948 1048 1952 1132 1971 1409 1956 1581 1948 1584 1948 1584 1948 1584 1948 1588 1948 1588 1948 1592 1948 1607 1960 1634 1975 1695 1960 1736 1952 1736 1952 1736 1952 1740 1952 1740 1952 1740 1952 1744 1952 1774 1964 1816 1975 1858 1964 1900 1952 1904 1952 1904 1952 1907 1952 1907 1952 1907 1952 1972 1964 2021 1975 2075 1967 2166 1952 2166 1952 2170 1952 2257 1952 2257 1952 2257 1952 2261 1952 2261 1952 2261 1952 2265 1952 2265 1952 2284 1971 2291 1975 2310 1971 2375 1956 2375 1956 2375 1956 2379 1956 2759 1979 2762 2040 2755 2070 490 2059"/></Shape>
	    <String CONTENT="dessus de l&#39;entree des collatéraux du choeur sud coté du transept on"
                    HPOS="490"
                    VPOS="1945"
                    WIDTH="2272"
                    HEIGHT="125"></String>
          </TextLine>

          
          
          <TextLine ID="eSc_line_c048cd45"
                    
                    BASELINE="497 2135 2755 2127" 
                    HPOS="486"
                    VPOS="2040"
                    WIDTH="2265"
                    HEIGHT="129">
            <Shape><Polygon POINTS="494 2131 486 2074 820 2043 824 2043 824 2043 824 2043 828 2043 904 2066 1159 2043 1159 2043 1162 2043 1463 2066 1489 2066 1493 2066 1512 2047 1512 2043 1512 2043 1516 2043 1516 2043 1516 2043 1520 2043 1520 2043 1520 2043 1626 2040 1630 2040 1904 2040 1904 2040 1904 2040 1907 2040 1907 2040 1907 2040 1953 2062 1957 2062 1983 2062 2230 2043 2234 2043 2234 2043 2234 2043 2238 2043 2238 2043 2242 2043 2268 2059 2276 2066 2553 2066 2565 2059 2603 2040 2603 2040 2603 2040 2607 2040 2607 2040 2610 2040 2610 2040 2743 2059 2751 2123 2743 2169 490 2157"/></Shape>
	    <String CONTENT="continue le grattage et le ravalement de la partie en face; on poursuit le"
                    HPOS="486"
                    VPOS="2040"
                    WIDTH="2265"
                    HEIGHT="129"></String>
          </TextLine>

          
          
          <TextLine ID="eSc_line_4cd97ac5"
                    
                    BASELINE="505 2230 2246 2230" 
                    HPOS="497"
                    VPOS="2146"
                    WIDTH="1745"
                    HEIGHT="118">
            <Shape><Polygon POINTS="501 2226 501 2161 1307 2165 1333 2165 1459 2146 1459 2146 1463 2146 1463 2146 1463 2146 1467 2146 1527 2165 1535 2165 1543 2165 1638 2146 1638 2146 1641 2146 1641 2146 1812 2165 1824 2165 1831 2165 1919 2146 1919 2146 1919 2146 1923 2146 1923 2146 2120 2165 2139 2150 2139 2146 2139 2146 2143 2146 2143 2146 2143 2146 2147 2146 2147 2146 2151 2146 2151 2146 2151 2146 2242 2169 2242 2226 2238 2264 497 2252"/></Shape>
	    <String CONTENT="raccord des dallages en marbre dans le bas coté du choeur."
                    HPOS="497"
                    VPOS="2146"
                    WIDTH="1745"
                    HEIGHT="118"></String>
          </TextLine>

          
          
          <TextLine ID="eSc_line_b4021346"
                    
                    BASELINE="404 2327 459 2330" 
                    HPOS="399"
                    VPOS="2245"
                    WIDTH="57"
                    HEIGHT="110">
            <Shape><Polygon POINTS="402 2325 402 2245 456 2245 456 2328 452 2344 399 2355"/></Shape>
	    <String CONTENT="28"
                    HPOS="399"
                    VPOS="2245"
                    WIDTH="57"
                    HEIGHT="110"></String>
          </TextLine>

          
          
          <TextLine ID="eSc_line_9cc69d05"
                    
                    BASELINE="516 2328 2683 2321" 
                    HPOS="505"
                    VPOS="2230"
                    WIDTH="2174"
                    HEIGHT="114">
            <Shape><Polygon POINTS="513 2325 505 2256 836 2233 839 2233 839 2233 839 2233 843 2233 843 2233 847 2233 881 2256 893 2264 1299 2264 1311 2256 1352 2233 1352 2233 1352 2233 1356 2233 1356 2233 1360 2233 1463 2233 1463 2233 1463 2233 1565 2256 1584 2260 1600 2256 1687 2230 1691 2230 1691 2230 1695 2230 1866 2230 1866 2230 1866 2230 1869 2230 1869 2230 1869 2230 1919 2256 2002 2230 2006 2230 2006 2230 2006 2230 2010 2230 2010 2230 2014 2230 2014 2230 2014 2230 2018 2230 2018 2230 2018 2233 2044 2256 2044 2260 2287 2260 2287 2256 2348 2230 2348 2230 2352 2230 2352 2230 2352 2230 2356 2230 2356 2230 2360 2230 2360 2230 2360 2230 2363 2230 2401 2256 2584 2233 2584 2233 2588 2233 2588 2233 2588 2233 2591 2233 2675 2260 2679 2317 2671 2344 509 2336"/></Shape>
	    <String CONTENT="les charpentiers continuent le montage des serrures pour le comble du"
                    HPOS="505"
                    VPOS="2230"
                    WIDTH="2174"
                    HEIGHT="114"></String>
          </TextLine>

          
          
          <TextLine ID="eSc_line_13dcb9d4"
                    
                    BASELINE="513 2416 2709 2416" 
                    HPOS="505"
                    VPOS="2332"
                    WIDTH="2204"
                    HEIGHT="107">
            <Shape><Polygon POINTS="509 2412 505 2355 714 2332 714 2332 718 2332 718 2332 722 2332 722 2332 722 2332 725 2332 725 2332 725 2336 744 2351 832 2332 832 2332 832 2332 836 2332 836 2332 1045 2351 1337 2332 1341 2332 1341 2332 1341 2332 1345 2332 1345 2332 1349 2332 1383 2355 1581 2355 1600 2336 1600 2332 1600 2332 1603 2332 1603 2332 1603 2332 1607 2332 1607 2332 1611 2332 1611 2332 1611 2332 1717 2351 1782 2332 1786 2332 1786 2332 1786 2332 1790 2332 1790 2332 1793 2332 1793 2332 1843 2351 1885 2332 1885 2332 1885 2332 1888 2332 1888 2332 1892 2332 1892 2332 1892 2332 1896 2332 1896 2332 1945 2351 1995 2332 1995 2332 1999 2332 1999 2332 2002 2332 2553 2351 2618 2332 2622 2332 2622 2332 2622 2332 2626 2332 2626 2332 2629 2332 2709 2355 2705 2412 2702 2439 505 2435"/></Shape>
	    <String CONTENT="transept sud. on pose le chevronnage de la [2e] travée. les travaux de"
                    HPOS="505"
                    VPOS="2332"
                    WIDTH="2204"
                    HEIGHT="107"></String>
          </TextLine>

          
          
          <TextLine ID="eSc_line_4ccb2078"
                    
                    BASELINE="497 2518 2845 2509" 
                    HPOS="486"
                    VPOS="2431"
                    WIDTH="2356"
                    HEIGHT="118">
            <Shape><Polygon POINTS="494 2515 486 2435 2831 2431 2842 2507 2838 2530 1668 2530 1657 2530 1546 2549 1546 2549 1543 2549 490 2530"/></Shape>
	    <String CONTENT="plomberie se poursuivent sur les parties du grand comble qui ont été refaits"
                    HPOS="486"
                    VPOS="2431"
                    WIDTH="2356"
                    HEIGHT="118"></String>
          </TextLine>

          
          
          <TextLine ID="eSc_line_043c99d1"
                    
                    BASELINE="463 2598 2846 2600" 
                    HPOS="459"
                    VPOS="2515"
                    WIDTH="2383"
                    HEIGHT="121">
            <Shape><Polygon POINTS="459 2594 459 2515 680 2534 828 2515 836 2515 836 2515 839 2515 851 2515 1071 2534 2835 2522 2842 2598 2838 2629 459 2636"/></Shape>
	    <String CONTENT="dernièrement et [ulterieurement] sur les quatre contrefiches de la flèche formant gradins"
                    HPOS="459"
                    VPOS="2515"
                    WIDTH="2383"
                    HEIGHT="121"></String>
          </TextLine>

          
          
          <TextLine ID="eSc_line_28be9553"
                    
                    BASELINE="389 2717 471 2715" 
                    HPOS="376"
                    VPOS="2606"
                    WIDTH="95"
                    HEIGHT="231">
            <Shape><Polygon POINTS="387 2716 376 2610 456 2606 467 2712 471 2818 391 2837"/></Shape>
	    <String CONTENT="29"
                    HPOS="376"
                    VPOS="2606"
                    WIDTH="95"
                    HEIGHT="231"></String>
          </TextLine>

          
          
          <TextLine ID="eSc_line_53b39494"
                    
                    BASELINE="532 2712 2764 2711" 
                    HPOS="520"
                    VPOS="2613"
                    WIDTH="2246"
                    HEIGHT="118">
            <Shape><Polygon POINTS="528 2708 520 2644 581 2613 581 2613 581 2613 585 2613 585 2613 589 2613 589 2613 589 2613 592 2613 592 2613 592 2613 646 2640 839 2621 839 2621 843 2621 843 2621 847 2621 847 2621 900 2640 953 2613 953 2613 953 2613 957 2613 957 2613 957 2613 961 2613 1299 2636 1463 2613 1463 2613 1467 2613 1467 2613 1467 2613 1470 2613 1470 2613 1470 2613 1520 2640 1634 2617 1634 2617 1634 2617 1638 2617 1638 2617 1641 2617 1641 2617 1641 2617 1645 2617 1645 2617 1672 2640 1740 2621 1744 2621 1744 2621 1744 2621 1748 2621 2021 2640 2048 2617 2048 2613 2048 2613 2052 2613 2052 2613 2052 2613 2056 2613 2056 2613 2056 2613 2059 2613 2538 2640 2656 2617 2656 2617 2656 2617 2660 2617 2660 2617 2664 2617 2766 2644 2762 2708 2762 2727 528 2731"/></Shape>
	    <String CONTENT="on poursuit la dépose de la partie supérieure de l&#39;[难 ] à [jour]"
                    HPOS="520"
                    VPOS="2613"
                    WIDTH="2246"
                    HEIGHT="118"></String>
          </TextLine>

          
          
          <TextLine ID="eSc_line_f3d6215a"
                    
                    BASELINE="488 2796 2816 2796" 
                    HPOS="486"
                    VPOS="2708"
                    WIDTH="2326"
                    HEIGHT="133">
            <Shape><Polygon POINTS="486 2792 486 2716 1531 2731 1558 2724 1600 2708 1600 2708 1603 2708 1603 2708 1607 2708 1607 2708 1607 2708 1611 2708 1657 2724 1683 2735 1923 2735 1964 2727 2086 2708 2086 2708 2090 2708 2090 2708 2090 2708 2094 2708 2162 2727 2177 2735 2637 2735 2641 2731 2679 2712 2679 2712 2679 2712 2683 2712 2683 2712 2683 2712 2686 2712 2686 2712 2812 2735 2812 2792 2812 2815 2705 2837 2705 2837 2705 2837 2702 2837 2702 2837 2698 2837 2633 2818 2629 2818 2542 2818 1744 2837 1740 2837 1740 2837 1683 2826 1638 2818 1607 2826 1581 2837 1581 2837 1577 2837 1577 2837 1573 2837 1425 2830 1231 2818 1216 2830 1212 2834 1212 2837 1212 2837 1208 2837 1208 2837 1208 2837 1204 2837 1204 2837 1204 2841 980 2841 976 2837 976 2837 946 2834 843 2818 760 2837 744 2837 744 2837 744 2837 741 2837 741 2837 718 2837 558 2818 490 2837"/></Shape>
	    <String CONTENT="du transept sud jusqu&#39;au niveau des chapiteaux des petites colonnettes. on"
                    HPOS="486"
                    VPOS="2708"
                    WIDTH="2326"
                    HEIGHT="133"></String>
          </TextLine>

          
          
          <TextLine ID="eSc_line_e215e627"
                    
                    BASELINE="490 2905 2802 2911" 
                    HPOS="482"
                    VPOS="2803"
                    WIDTH="2318"
                    HEIGHT="133">
            <Shape><Polygon POINTS="486 2902 482 2811 623 2803 627 2803 627 2803 627 2803 630 2803 630 2803 630 2803 646 2811 680 2830 710 2811 725 2803 725 2803 725 2803 729 2803 729 2803 729 2803 733 2803 733 2803 733 2803 737 2803 737 2803 756 2811 805 2837 1052 2837 1094 2815 1121 2803 1121 2803 1121 2803 1124 2803 1124 2803 1128 2803 1341 2803 1341 2803 1341 2803 1345 2803 1345 2803 1345 2803 1349 2803 1349 2803 1368 2818 1387 2834 1459 2818 1505 2811 1505 2811 1505 2811 1508 2811 1508 2811 1569 2818 1653 2834 1695 2822 1725 2811 1729 2811 1729 2811 1729 2811 1733 2811 1733 2811 1733 2811 1790 2822 1862 2837 1930 2822 1991 2811 1991 2811 1991 2811 1995 2811 1995 2811 2075 2826 2147 2837 2177 2826 2223 2807 2223 2807 2227 2807 2227 2807 2227 2807 2230 2807 2230 2807 2234 2807 2314 2826 2318 2826 2322 2826 2496 2807 2496 2807 2500 2807 2500 2807 2504 2807 2591 2830 2626 2837 2793 2834 2800 2910 2797 2932 771 2936 767 2936 482 2913"/></Shape>
	    <String CONTENT="termine les reprises [et] enduits des portions de tapisserie au dessus de la porte"
                    HPOS="482"
                    VPOS="2803"
                    WIDTH="2318"
                    HEIGHT="133"></String>
          </TextLine>

          
          
          <TextLine ID="eSc_line_2d0f5acc"
                    
                    BASELINE="450 3002 1600 3007" 
                    HPOS="440"
                    VPOS="2913"
                    WIDTH="1156"
                    HEIGHT="130">
            <Shape><Polygon POINTS="448 3001 448 2917 1463 2932 1592 2913 1596 3005 1588 3031 1402 3016 1375 3031 1356 3039 1356 3039 1356 3039 1352 3039 1352 3039 1349 3039 1349 3039 1349 3039 1345 3039 1311 3027 1273 3016 1208 3027 1132 3039 1132 3039 1128 3039 1128 3039 1128 3039 1124 3039 1124 3039 1124 3039 1098 3024 1079 3016 1026 3024 923 3039 923 3039 919 3039 919 3039 915 3039 915 3039 915 3039 877 3020 866 3016 855 3020 805 3039 805 3039 801 3039 801 3039 798 3039 798 3039 798 3039 794 3039 722 3020 718 3016 714 3020 695 3035 695 3039 695 3039 691 3039 691 3039 691 3039 687 3039 687 3039 687 3043 520 3043 516 3039 516 3039 513 3039 513 3039 440 3012"/></Shape>
	    <String CONTENT="de gauche de la facade principale."
                    HPOS="440"
                    VPOS="2913"
                    WIDTH="1156"
                    HEIGHT="130"></String>
          </TextLine>

          
          
          <TextLine ID="eSc_line_80c01a77"
                    
                    BASELINE="92 3110 460 3112" 
                    HPOS="87"
                    VPOS="3005"
                    WIDTH="372"
                    HEIGHT="125">
            <Shape><Polygon POINTS="91 3107 87 3012 456 3005 459 3111 456 3126 87 3130"/></Shape>
	    <String CONTENT="Octobre 3"
                    HPOS="87"
                    VPOS="3005"
                    WIDTH="372"
                    HEIGHT="125"></String>
          </TextLine>

          
          
          <TextLine ID="eSc_line_0897957f"
                    
                    BASELINE="575 3108 2819 3081" 
                    HPOS="570"
                    VPOS="2997"
                    WIDTH="2246"
                    HEIGHT="125">
            <Shape><Polygon POINTS="573 3107 570 3020 817 3039 969 3016 1003 3012 1003 3012 1007 3012 1007 3012 1048 3016 1162 3027 1178 3016 1185 3008 1185 3008 1189 3008 1189 3008 1189 3008 1193 3008 1193 3008 1193 3008 1197 3008 1197 3008 1238 3016 1349 3035 1406 3012 1432 3005 1432 3005 1436 3005 1436 3005 1440 3005 1440 3005 1440 3005 1444 3005 1474 3012 1535 3031 1573 3012 1588 3005 1588 3005 1588 3005 1592 3005 1592 3005 1592 3005 1596 3005 1596 3005 1657 3012 1759 3031 1820 3031 1839 3012 1847 3005 1847 3001 1847 3001 1850 3001 1850 3001 1850 3001 1854 3001 1854 3001 1854 3001 1858 3001 1858 3001 1862 3001 1900 3012 1964 3027 2044 3027 2059 3012 2071 3001 2071 2997 2071 2997 2075 2997 2075 2997 2075 2997 2078 2997 2078 2997 2078 2997 2082 2997 2082 2997 2086 2997 2086 2997 2086 2997 2113 3008 2143 3024 2306 3024 2322 3008 2333 2997 2333 2997 2333 2997 2337 2997 2337 2997 2341 2997 2341 2997 2341 2997 2344 2997 2344 2997 2344 2997 2348 2997 2348 2997 2379 3008 2405 3020 2804 3008 2816 3077 2812 3111 573 3122"/></Shape>
	    <String CONTENT="Continuation des travaux de charpente pour le [comble] du transept sud"
                    HPOS="570"
                    VPOS="2997"
                    WIDTH="2246"
                    HEIGHT="125"></String>
          </TextLine>

          
          
          <TextLine ID="eSc_line_b67ea194"
                    
                    BASELINE="543 3183 2827 3183" 
                    HPOS="539"
                    VPOS="3092"
                    WIDTH="2284"
                    HEIGHT="125">
            <Shape><Polygon POINTS="539 3179 539 3119 874 3119 881 3111 938 3092 938 3092 942 3092 942 3092 946 3092 946 3092 946 3092 950 3092 1014 3111 1029 3115 1041 3111 1083 3092 1083 3092 1086 3092 1086 3092 1086 3092 1090 3092 1090 3092 1090 3092 1094 3092 1094 3092 1098 3092 1098 3092 1098 3092 1117 3111 1124 3115 1212 3107 1436 3092 1440 3092 1440 3092 1440 3092 1444 3092 1497 3107 1539 3115 1596 3103 1664 3092 1664 3092 1668 3092 1668 3092 1771 3103 1888 3115 1961 3100 2006 3092 2006 3092 2006 3092 2010 3092 2010 3092 2014 3092 2014 3092 2037 3100 2082 3115 2135 3100 2158 3092 2162 3092 2162 3092 2166 3092 2823 3092 2823 3179 2823 3214 539 3217"/></Shape>
	    <String CONTENT="on commence le chevronnage des travées rapprochées de la fleche. les travaux"
                    HPOS="539"
                    VPOS="3092"
                    WIDTH="2284"
                    HEIGHT="125"></String>
          </TextLine>

          
          
          <TextLine ID="eSc_line_b2b98e72"
                    
                    BASELINE="459 3288 2813 3286" 
                    HPOS="448"
                    VPOS="3191"
                    WIDTH="2364"
                    HEIGHT="129">
            <Shape><Polygon POINTS="456 3286 448 3210 805 3191 809 3191 809 3191 809 3191 813 3191 813 3191 817 3191 817 3191 817 3191 836 3210 843 3217 1349 3217 1364 3210 1432 3191 1436 3191 1436 3191 1436 3191 1440 3191 1440 3191 1444 3191 1527 3210 1539 3214 1539 3214 1565 3191 1565 3191 1569 3191 1569 3191 1569 3191 1573 3191 1573 3191 1577 3191 1691 3191 1691 3191 1691 3191 1695 3191 1695 3191 1695 3191 1736 3214 1744 3217 1995 3217 1999 3214 2037 3191 2040 3191 2040 3191 2044 3191 2044 3191 2044 3191 2048 3191 2048 3191 2048 3191 2052 3191 2052 3191 2056 3191 2090 3214 2116 3195 2120 3195 2120 3195 2120 3195 2124 3195 2124 3195 2128 3195 2128 3195 2253 3210 2276 3191 2276 3191 2280 3191 2280 3191 2280 3191 2284 3191 2284 3191 2287 3191 2607 3191 2607 3191 2607 3191 2610 3191 2610 3191 2610 3191 2614 3191 2645 3210 2709 3191 2713 3191 2713 3191 2713 3191 2717 3191 2717 3191 2721 3191 2808 3217 2812 3282 2812 3301 1660 3316 1657 3316 1657 3316 1653 3316 1653 3316 1653 3316 1649 3316 1626 3297 1619 3297 1333 3297 1330 3297 1303 3316 1299 3316 1299 3316 1299 3316 1295 3316 1295 3316 1295 3320 988 3320 984 3316 984 3316 851 3297 847 3297 843 3297 790 3316 790 3316 786 3316 786 3316 782 3316 782 3316 779 3316 779 3316 722 3297 722 3297 722 3297 577 3316 577 3316 573 3316 573 3316 452 3293"/></Shape>
	    <String CONTENT="de plomberie se poursuivent sur les deux parties de comble de la nef et du"
                    HPOS="448"
                    VPOS="3191"
                    WIDTH="2364"
                    HEIGHT="129"></String>
          </TextLine>

          
          
          <TextLine ID="eSc_line_3ceb9a72"
                    
                    BASELINE="524 3377 2398 3377" 
                    HPOS="516"
                    VPOS="3286"
                    WIDTH="1885"
                    HEIGHT="140">
            <Shape><Polygon POINTS="520 3373 524 3286 604 3305 672 3286 680 3286 684 3286 684 3286 687 3286 687 3286 691 3286 691 3286 691 3286 695 3286 695 3286 733 3312 1193 3312 1212 3293 1219 3286 1219 3286 1219 3286 1223 3286 1223 3286 1227 3286 1227 3286 1227 3286 1231 3286 1231 3286 1318 3297 1402 3305 1493 3297 1653 3286 1657 3286 1657 3286 1657 3286 1660 3286 1660 3286 1660 3286 1664 3286 1664 3286 1679 3301 1691 3309 1782 3301 2002 3286 2006 3286 2006 3286 2006 3286 2128 3309 2143 3309 2158 3309 2303 3286 2303 3286 2306 3286 2306 3286 2306 3286 2310 3286 2398 3312 2394 3373 2401 3396 2363 3423 2360 3423 2360 3423 2360 3423 2356 3423 2356 3423 2356 3423 2352 3423 2352 3423 2348 3423 2348 3423 2276 3396 2276 3396 2276 3396 2120 3423 2120 3423 2116 3423 2116 3423 2116 3423 2113 3423 2113 3423 2113 3423 2109 3423 2109 3423 2075 3396 2075 3396 1980 3396 1980 3396 1911 3423 1911 3423 1907 3423 1907 3423 1907 3426 1581 3426 1577 3423 1577 3423 1577 3423 1463 3396 1390 3423 1390 3423 1387 3423 1387 3423 1383 3423 1383 3423 1383 3423 1379 3423 1379 3423 1379 3423 1326 3396 1326 3396 980 3396 980 3396 953 3419 953 3423 953 3423 950 3423 950 3423 950 3423 946 3423 946 3423 946 3426 885 3426 881 3423 881 3423 763 3396 691 3423 691 3423 687 3423 687 3423 687 3423 684 3423 684 3423 516 3392"/></Shape>
	    <String CONTENT="choeur ainsi que sur les contrefiches diagonales formant [gradins]."
                    HPOS="516"
                    VPOS="3286"
                    WIDTH="1885"
                    HEIGHT="140"></String>
          </TextLine>

          
          
          <TextLine ID="eSc_line_52a0dae8"
                    
                    BASELINE="581 3472 2789 3472" 
                    HPOS="577"
                    VPOS="3396"
                    WIDTH="2208"
                    HEIGHT="125">
            <Shape><Polygon POINTS="577 3468 577 3396 2785 3404 2785 3468 2781 3510 2363 3495 2329 3510 2310 3518 2310 3518 2306 3518 2306 3518 2306 3518 2303 3518 2303 3518 2303 3518 2299 3518 2268 3510 2234 3499 2181 3506 2120 3518 2120 3518 2116 3518 2116 3518 2116 3518 2056 3506 1991 3495 1968 3506 1945 3518 1945 3518 1945 3518 1942 3518 1942 3518 1942 3521 1782 3521 1778 3518 1778 3518 1774 3518 1774 3518 1771 3518 1752 3506 1729 3495 1451 3495 1436 3502 1421 3514 1417 3514 1417 3514 1417 3514 1413 3514 1413 3514 1409 3514 1409 3514 1292 3502 1223 3495 1193 3502 1124 3518 1121 3518 1121 3518 1117 3518 1117 3518 1117 3518 1113 3518 1060 3499 1041 3495 851 3495 813 3499 668 3518 668 3518 665 3518 665 3518 661 3518 661 3518 661 3518 657 3518 657 3518 657 3514 638 3499 634 3495 577 3495"/></Shape>
	    <String CONTENT="on poursuit la dispose de l&#39;[ouverture] à jour de la facade du transept sud"
                    HPOS="577"
                    VPOS="3396"
                    WIDTH="2208"
                    HEIGHT="125"></String>
          </TextLine>

          
          
          <TextLine ID="eSc_line_84173a47"
                    
                    BASELINE="389 3496 469 3496" 
                    HPOS="387"
                    VPOS="3404"
                    WIDTH="80"
                    HEIGHT="106">
            <Shape><Polygon POINTS="387 3495 387 3404 467 3404 467 3495 467 3506 387 3510"/></Shape>
	    <String CONTENT="5"
                    HPOS="387"
                    VPOS="3404"
                    WIDTH="80"
                    HEIGHT="106"></String>
          </TextLine>

          
          
          <TextLine ID="eSc_line_01021107"
                    
                    BASELINE="528 3571 2797 3571" 
                    HPOS="520"
                    VPOS="3483"
                    WIDTH="2273"
                    HEIGHT="133">
            <Shape><Polygon POINTS="524 3567 520 3514 779 3491 782 3491 782 3491 931 3506 969 3510 972 3506 995 3487 995 3483 995 3483 999 3483 999 3483 999 3483 1003 3483 1003 3483 1007 3483 1007 3483 1007 3483 1109 3502 1143 3510 1155 3502 1193 3483 1193 3483 1193 3483 1197 3483 1197 3483 1197 3483 1200 3483 1200 3483 1204 3483 1273 3502 1307 3510 1417 3499 1592 3483 1592 3483 1596 3483 1596 3483 1698 3495 1809 3514 2215 3514 2265 3487 2280 3483 2280 3483 2284 3483 2284 3483 2284 3483 2287 3483 2287 3483 2287 3483 2291 3483 2306 3487 2371 3510 2394 3487 2398 3487 2398 3483 2401 3483 2401 3483 2401 3483 2405 3483 2405 3483 2409 3483 2793 3483 2793 3567 2789 3605 2261 3590 1953 3609 1888 3613 1885 3613 1885 3613 1885 3613 1881 3613 1881 3613 1881 3613 1873 3609 1847 3594 1828 3609 1828 3609 1824 3609 1824 3609 1824 3609 1820 3609 1820 3609 1820 3609 1816 3609 1816 3609 1816 3609 1812 3609 1812 3609 1812 3609 1767 3590 1478 3590 1375 3613 1364 3613 1364 3613 1364 3613 1360 3613 1360 3613 1356 3613 1352 3613 1276 3590 1200 3613 1197 3613 1193 3613 1193 3613 1193 3613 1189 3613 1189 3613 1178 3613 1052 3590 881 3613 874 3613 874 3613 870 3613 870 3613 862 3613 661 3590 638 3609 638 3613 638 3613 634 3613 634 3613 634 3613 630 3613 630 3613 630 3613 630 3616 524 3616"/></Shape>
	    <String CONTENT="jusqu&#39;au niveau des chapiteaux des colonettes. on prépare le chainage"
                    HPOS="520"
                    VPOS="3483"
                    WIDTH="2273"
                    HEIGHT="133"></String>
          </TextLine>

          
          
          <TextLine ID="eSc_line_e7bdbc1e"
                    
                    BASELINE="526 3664 2542 3662" 
                    HPOS="513"
                    VPOS="3571"
                    WIDTH="2025"
                    HEIGHT="136">
            <Shape><Polygon POINTS="524 3662 513 3605 642 3571 646 3571 646 3571 649 3571 908 3571 908 3571 908 3571 912 3571 912 3571 912 3571 915 3571 915 3571 915 3575 938 3597 1010 3571 1010 3571 1014 3571 1014 3571 1018 3571 1018 3571 1254 3597 1455 3575 1455 3575 1459 3575 1459 3575 1463 3575 1463 3575 1463 3575 1467 3575 1505 3597 1740 3597 1771 3571 1771 3571 1774 3571 1774 3571 1774 3571 1778 3571 1778 3571 1782 3571 1782 3571 1782 3571 1786 3571 1786 3571 1786 3571 1839 3597 1896 3578 1900 3578 1900 3578 1900 3578 1904 3578 1904 3578 2063 3597 2318 3571 2318 3571 2322 3571 2322 3571 2531 3601 2538 3658 2534 3688 2059 3704 2056 3704 2056 3704 2056 3704 2052 3704 2025 3696 1964 3677 1839 3696 1790 3704 1790 3704 1786 3704 1786 3704 1786 3704 1782 3704 1782 3704 1767 3696 1725 3681 1649 3700 1638 3700 1638 3700 1638 3700 1634 3700 1634 3700 1634 3700 1622 3700 1524 3677 1041 3677 1014 3696 1014 3696 1010 3696 1010 3696 1010 3696 1007 3696 1007 3696 1003 3696 1003 3696 1003 3696 999 3696 999 3696 999 3696 961 3677 790 3696 790 3696 786 3696 786 3696 676 3677 524 3707"/></Shape>
	    <String CONTENT="qui doit relier cette série de colonnettes aux gros contreforts d&#39;angle"
                    HPOS="513"
                    VPOS="3571"
                    WIDTH="2025"
                    HEIGHT="136"></String>
          </TextLine>

          
          
          <TextLine ID="eSc_line_77eab506"
                    
                    BASELINE="538 3770 2800 3764" 
                    HPOS="528"
                    VPOS="3669"
                    WIDTH="2269"
                    HEIGHT="114">
            <Shape><Polygon POINTS="535 3768 528 3696 1010 3673 1014 3673 1014 3673 1018 3673 1018 3673 1018 3673 1022 3673 1022 3673 1048 3696 1056 3704 1330 3704 1349 3696 1421 3673 1425 3673 1425 3673 1425 3673 1429 3673 1429 3673 1429 3673 1432 3673 1432 3673 1482 3696 1493 3700 1881 3700 1888 3696 2052 3669 2052 3669 2056 3669 2056 3669 2056 3669 2059 3669 2059 3669 2063 3669 2063 3669 2097 3696 2196 3669 2200 3669 2200 3669 2204 3669 2204 3669 2204 3669 2208 3669 2291 3696 2333 3669 2337 3669 2337 3669 2337 3669 2341 3669 2341 3669 2344 3669 2344 3669 2344 3669 2348 3669 2348 3669 2409 3696 2542 3669 2542 3669 2542 3669 2546 3669 2546 3669 2550 3669 2550 3669 2550 3669 2599 3692 2652 3677 2656 3677 2656 3677 2656 3677 2660 3677 2660 3677 2789 3700 2797 3761 2793 3776 535 3783"/></Shape>
	    <String CONTENT="on termine le grattage et le rejointoiement des voutes hautes du transept"
                    HPOS="528"
                    VPOS="3669"
                    WIDTH="2269"
                    HEIGHT="114"></String>
          </TextLine>

          
          
          <TextLine ID="eSc_line_ddd2b5f2"
                    
                    BASELINE="389 3780 467 3782" 
                    HPOS="383"
                    VPOS="3669"
                    WIDTH="80"
                    HEIGHT="122">
            <Shape><Polygon POINTS="387 3776 383 3681 459 3669 463 3780 459 3787 383 3791"/></Shape>
	    <String CONTENT="8"
                    HPOS="383"
                    VPOS="3669"
                    WIDTH="80"
                    HEIGHT="122"></String>
          </TextLine>

          
          
          <TextLine ID="eSc_line_a61ba8f9"
                    
                    BASELINE="511 3871 2777 3872" 
                    HPOS="505"
                    VPOS="3768"
                    WIDTH="2269"
                    HEIGHT="133">
            <Shape><Polygon POINTS="509 3867 509 3799 551 3799 554 3795 589 3768 589 3768 592 3768 592 3768 592 3768 596 3768 596 3768 600 3768 600 3768 600 3768 718 3795 744 3802 1155 3802 1181 3787 1227 3768 1227 3768 1231 3768 1231 3768 1231 3768 1235 3768 1235 3768 1345 3787 1425 3802 1782 3802 1831 3780 1862 3768 1862 3768 1866 3768 1866 3768 1869 3768 1869 3768 1869 3768 1873 3768 1911 3780 1980 3799 2044 3776 2071 3768 2071 3768 2075 3768 2075 3768 2078 3768 2572 3768 2572 3768 2572 3768 2576 3768 2576 3768 2576 3768 2580 3768 2580 3768 2580 3772 2614 3799 2705 3799 2762 3768 2774 3871 2770 3901 505 3901"/></Shape>
	    <String CONTENT="sud ainsi que celui de la face intérieure de le même transept formant"
                    HPOS="505"
                    VPOS="3768"
                    WIDTH="2269"
                    HEIGHT="133"></String>
          </TextLine>

          
          
          <TextLine ID="eSc_line_1d6ba9c8"
                    
                    BASELINE="539 3954 1543 3954" 
                    HPOS="532"
                    VPOS="3867"
                    WIDTH="1007"
                    HEIGHT="122">
            <Shape><Polygon POINTS="535 3951 532 3890 703 3867 703 3867 706 3867 706 3867 813 3886 824 3886 836 3886 961 3867 961 3867 965 3867 965 3867 969 3867 969 3867 1018 3886 1026 3886 1048 3882 1178 3867 1178 3867 1181 3867 1539 3882 1539 3951 1539 3985 535 3989"/></Shape>
	    <String CONTENT="sur les collatéraux de la nef."
                    HPOS="532"
                    VPOS="3867"
                    WIDTH="1007"
                    HEIGHT="122"></String>
          </TextLine>

          
          
          <TextLine ID="eSc_line_8739b368"
                    
                    BASELINE="391 4046 475 4048" 
                    HPOS="380"
                    VPOS="3973"
                    WIDTH="91"
                    HEIGHT="99">
            <Shape><Polygon POINTS="387 4042 383 3981 467 3973 471 4046 463 4072 380 4057"/></Shape>
	    <String CONTENT="11"
                    HPOS="380"
                    VPOS="3973"
                    WIDTH="91"
                    HEIGHT="99"></String>
          </TextLine>

          
          
          <TextLine ID="eSc_line_28a362ad"
                    
                    BASELINE="551 4042 2823 4034" 
                    HPOS="543"
                    VPOS="3973"
                    WIDTH="2276"
                    HEIGHT="103">
            <Shape><Polygon POINTS="547 4038 543 3973 2812 3973 2819 4030 2816 4061 547 4076"/></Shape>
	    <String CONTENT="on poursuit la reprise [pour] [increntement] des tympans au dessus des arcs"
                    HPOS="543"
                    VPOS="3973"
                    WIDTH="2276"
                    HEIGHT="103"></String>
          </TextLine>

          
          
          <TextLine ID="eSc_line_fc541c1b"
                    
                    BASELINE="535 4151 2826 4140" 
                    HPOS="520"
                    VPOS="4053"
                    WIDTH="2303"
                    HEIGHT="133">
            <Shape><Polygon POINTS="532 4148 520 4091 577 4068 577 4068 581 4068 581 4068 581 4068 585 4068 585 4068 589 4068 589 4068 630 4084 649 4065 649 4061 649 4061 653 4061 653 4061 653 4061 657 4061 657 4061 657 4061 661 4061 893 4080 991 4061 991 4061 991 4061 995 4061 995 4061 999 4061 999 4061 999 4061 1045 4084 1242 4084 1280 4057 1284 4057 1284 4057 1284 4057 1288 4057 1288 4057 1292 4057 1292 4057 1292 4057 1402 4080 1470 4057 1474 4057 1474 4057 1474 4057 1478 4057 1478 4057 1478 4057 1482 4057 1550 4084 1748 4084 2018 4084 2018 4080 2044 4057 2044 4053 2044 4053 2048 4053 2048 4053 2048 4053 2052 4053 2052 4053 2056 4053 2056 4053 2056 4053 2059 4053 2059 4053 2105 4072 2177 4053 2181 4053 2181 4053 2185 4053 2185 4053 2371 4076 2371 4076 2375 4076 2477 4057 2477 4057 2477 4057 2481 4057 2816 4076 2823 4137 2816 4171 1907 4156 1691 4179 1687 4179 1687 4179 1683 4179 1683 4179 1683 4179 1679 4179 1679 4179 1679 4179 1630 4156 1417 4156 1045 4182 1045 4182 1041 4182 1041 4182 1041 4182 1041 4182 1037 4182 1037 4182 1037 4182 1033 4182 1033 4182 1007 4160 904 4179 904 4179 904 4179 900 4179 634 4160 535 4186"/></Shape>
	    <String CONTENT="ogives des collateraux du choeur ouvrant sur le transept sud, ainsi que"
                    HPOS="520"
                    VPOS="4053"
                    WIDTH="2303"
                    HEIGHT="133"></String>
          </TextLine>

          
          
          <TextLine ID="eSc_line_2596d8ef"
                    
                    BASELINE="513 4236 2842 4242" 
                    HPOS="505"
                    VPOS="4148"
                    WIDTH="2333"
                    HEIGHT="129">
            <Shape><Polygon POINTS="509 4232 520 4148 535 4171 893 4171 927 4152 934 4148 934 4148 934 4148 938 4148 938 4148 942 4148 1174 4148 1174 4148 1174 4148 1178 4148 1178 4148 1178 4148 1181 4148 1181 4148 1181 4152 1185 4152 1200 4167 1242 4152 1261 4148 1265 4148 1265 4148 1265 4148 1269 4148 1269 4148 1273 4148 1273 4148 1288 4152 1322 4167 1409 4156 1459 4148 1459 4148 1463 4148 1463 4148 1535 4156 1679 4175 1831 4175 1850 4160 1854 4152 1854 4152 1858 4152 1858 4152 1858 4152 1862 4152 1862 4152 1866 4152 2835 4167 2838 4239 2835 4258 2588 4258 2588 4258 2565 4277 2565 4277 2561 4277 2561 4277 2561 4277 2557 4277 2557 4277 2557 4277 2553 4277 2553 4277 2550 4277 2474 4258 2470 4258 2318 4258 2318 4258 2295 4277 2295 4277 2291 4277 2291 4277 2291 4277 2287 4277 2287 4277 2287 4277 2284 4277 1892 4258 1866 4258 1854 4258 1695 4277 1695 4277 1691 4277 1691 4277 1687 4277 1687 4277 1687 4277 1649 4258 1641 4255 1592 4258 1440 4274 1436 4274 505 4258"/></Shape>
	    <String CONTENT="la serrure des croisées hautes qui surmontent les petites roses de la face latérale"
                    HPOS="505"
                    VPOS="4148"
                    WIDTH="2333"
                    HEIGHT="129"></String>
          </TextLine>

          
          
          <TextLine ID="eSc_line_f243fec1"
                    
                    BASELINE="535 4323 1432 4331" 
                    HPOS="520"
                    VPOS="4236"
                    WIDTH="909"
                    HEIGHT="136">
            <Shape><Polygon POINTS="532 4319 520 4270 554 4239 554 4236 554 4236 558 4236 558 4236 562 4236 562 4236 562 4236 566 4236 566 4236 566 4236 570 4236 570 4236 630 4266 638 4270 976 4270 995 4251 1003 4243 1003 4243 1007 4243 1007 4243 1007 4243 1010 4243 1010 4243 1010 4243 1136 4239 1140 4239 1140 4239 1140 4239 1143 4239 1166 4247 1235 4270 1261 4247 1261 4243 1261 4243 1265 4243 1265 4243 1265 4243 1269 4243 1269 4243 1269 4243 1421 4239 1429 4327 1421 4372 961 4346 832 4353 627 4369 623 4369 623 4369 619 4369 520 4342"/></Shape>
	    <String CONTENT="Est de ce même transept."
                    HPOS="520"
                    VPOS="4236"
                    WIDTH="909"
                    HEIGHT="136"></String>
          </TextLine>

          
        </TextBlock>
        
      </PrintSpace>
    </Page>
  </Layout>
</alto>
