2858 4559
266 0 174 125 330

91 94 334 152 1860.

501 113 1566 137 1er dimanche - Jour de l'an

110 224 323 140 Janvier

448 205 53 220 3.

570 216 2185 137 Les charpentiers continuent la depose du deuxième

513 311 1520 125 plancher de l’échafaudage de la flèche.

402 406 73 118 5

551 429 2265 114 On poursuit les travaux du chœur : grattage des piliers

494 505 2322 125 du transept coté du chœur ; enduit des colonnes du sanctuaire.

554 600 2193 118 On continue la reprise partielle des voutes hautes et des arcs

520 683 2292 152 formerets du transept Nord, et la pose des verrières à la troisième

528 797 1037 107 travée haute du chœur Sud.

402 877 46 220 9

532 881 2173 118 On a terminé le grattage et ravalement des travées de voutes

475 983 2272 118 du bas coté Nord du chœur : on échafaude les trois premières travées

497 1078 2239 133 du bas coté Sud pour la même opération ; on fait l’enduit de la

505 1181 1991 122 4°  colonne du sanctuaire a partir de la travée milieu

380 1261 87 114 11

528 1265 2295 129 On pose les petites colonnettes destinées à supporter les statues d’anges

475 1375 2337 110 adossées aux grosses colonnes du sanctuaire. On termine la sculpture

471 1458 1927 126 du gros chapiteau de la 4e colonne du chœur Nord.

383 1561 114 114 12

539 1557 2261 126 Aujourd’hui Jeudi les sapeurs pompiers prennent possession du

509 1652 2276 137 poste qui leur a été construit sur la terrasse [des réservoirs] entre les

471 1751 2295 114 deux tours. On continue de poser les verrières du chœur à la

497 1853 2258 122 2e travée haute du chœur Sud et aux 3eme & 4ème du coté Nord.

383 1952 103 107 13

513 1952 2238 133 On continue la dépose du grand echafaudage de la flèche

513 2047 1638 129 on prépare les bois pour le raccord du comble.

368 2131 107 121 16.

566 2142 2189 126 Continuation des travaux intérieurs - grattage et ravalement des

513 2230 2276 110 voutes hautes du transept Nord. enduit de la dernière colonne du

513 2328 2299 130 sanctuaire construction d’un hangar en charpente dans le petit chantier.

372 2423 99 103 18

532 2427 2151 118 On met en place la grille et les colonnettes sur le bahut qui

524 2515 2261 136 forme la cloture du sanctuaire dans le chœur. On poursuit la pose

467 2606 2314 118 des verrières de M. Maréchal aux 2e et 3ème travées hautes du

2002 2693 179 114 de bronze

497 2705 2246 140 chœur Nord. Nettoyage et grattage des anges destinés à prendre

497 2807 1342 122 place sur les colonnettes du sanctuaire.

391 2894 72 133 20

543 2902 2200 144 On continue le grattage et le rejointoiement des voutes des

505 3001 2246 129 bas cotés du chœur dans les trois premières travées coté du Sud ;

505 3100 2311 117 on termine la pose des verrières de M. Maréchal dans les fenêtres

505 3202 2330 103 hautes du chœur. Toutes les [??] sont entièrement garnies de vitraux

513 3290 1630 125 sauf celles de la première travée Nord et Sud.

368 3385 95 106 23

516 3381 2315 114 On termine l’enduit de la 4e colonne du sanctuaire coté du Sud à partir

471 3476 2337 114 de la travée milieu ; on commence celui de la 5ème laquelle se trouve engagée

490 3567 2037 125 dans la cloture du chœur en face de l’entrée de la sacristie.

376 3666 91 117 25

505 3666 2303 136 On continue de descendre les bois du grand échafaudage qui a servi

482 3768 2322 114 à la construction de la flèche. Suite des travaux de grattage et de reprises

478 3863 2315 122 des voutes du transept Nord. Lettre adressée à S.E. le Ministre des

486 3951 1900 121 cultes pour réclamer les statues de Louis XIII et Louis XIV.

376 4053 95 156 27

501 4046 2303 129 On finit la pose de la tablette qui surmonte la cloture du bahut

467 4141 2330 136 du sanctuaire : les petites grilles sont mises en place : on pose la

497 4236 2307 148 ferrure de la fenetre haute au dessus de la rose à la première travée
