2858 4559
2702 106 140 18446744073709551507 337

117 11 194 114 1860

129 117 281 221 Avril.16.

463 94 2311 145 les travaux de dallage en marbre du chœur se poursuivent, ainsi

452 212 2299 126 que ceux des chapelles basses de la nef Nord. on {re}monte les petits

440 300 2379 133 echafaudages légers dans les nous du grand comble pour la plomberie des

425 398 2383 133 quatre grandes contrefiches de la flèche formant gradins {,et} destinés à recevoir

471 490 2303 148 les figures des apôtres. pose des chevrons de la charpente 1ere travée de la nef.

357 592 57 110 18

433 596 2341 122 on a commencé le grattage des voutes hautes du transept Sud au moyen

391 683 2383 137 de l'échafaudage du transept Nord qui a été remonté. on pose la ferrure des

418 771 1554 129 fenetres hautes du transept Nord face Est.

342 873 68 126 20

421 866 2398 140 les travaux de charpente et de voligeage se poursuivent sur le grand comble

429 968 2387 133 au dessus de la dernière travée de la nef et de la première du chœur. la dépose

406 1071 2140 129 de la charpente (1ere travée) du transept Sud se poursuit de même.

342 1181 64 125 22

425 1166 2353 121 on a on a repris par incrustement les portions de tapisserie au dessus des voussures

418 1261 2371 133 de la porte de la facade au dessus de la tour du Sud (Vol commis à la Sacristie)

338 1344 68 183 25

421 1360 2315 133 on continue la pose du dallage en marbre dessus les chapelles basses

437 1458 1664 122 de la nef coté du Nord, ainsi que celui du chœur.

353 1553 57 164 27

425 1546 2398 125 le voligeage de la travée de charpente au dessus de la 1ere travée du chœur est terminé

433 1656 2356 99 ainsi que la pose des chéneaux que l'on commence à garnir en plomb. on pose

459 1743 2265 137 le voligeage sur la travée de charpente au dessus de la nef. 难 les plombiers

421 1865 2368 114 ont commencée à garnir en plomb les contrefiches formant gradins à l'intersection

391 1929 426 122 des combles.

338 2032 61 137 30

410 2032 2383 129 on a terminé la pose de la verrière de Mr Maréchal a la croisée haute de la

418 2131 2173 110 1ere travée du chœur Sud ainsi que celle de la petite rose placée au dessous.

414 2222 2314 110 Continuation du grattage des voutes hautes du transept Sud et dépose de

433 2340 2333 99 la charpente au dessus. Vitrerie des œils du soubassement de la flèche.

30 2389 426 169 Septembre. 1er

467 2416 2352 114 on continue la pose du dallage des chapelles basses de la nef Nord

433 2511 2383 106 on termine celui du chœur, et l'on commence les raccords de dallage dans

414 2598 1429 133 les bas cotés qui pourtournent le sanctuaire.

326 2705 80 121 4

418 2697 2398 121 on poursuit la dépose de la façade du transept Sud ansi que de la charpente

425 2792 2394 129 on termine la pose des chevrons et du voligeage du dessus de la dernière

421 2902 2433 141 travée de la Nef. pose des verrières de la rose et de la pte croisée au dessus (Coté Nord chœur

345 2993 50 152 7

418 2993 2386 118 Continuation des travaux de plomberie pour revêtir les quatre contrefiches

418 3084 2405 133 de la flèche formant gradins dans les noues des combles. pose des verrières

414 3187 2398 133 des petites roses ainsi que des fenêtres qui les surmontent sur la face Est du

414 3278 589 122 transept Nord.

326 3373 76 114 10

418 3362 2413 156 le grattage des voutes hautes du transept Sud se poursuit, ansi que

406 3464 2417 145 la depose des pinacles qui flanquent le pignon et la corniche formant passage

410 3559 1190 122 au dessus de la rose du transept Sud.

319 3673 68 133 12

410 3654 2413 148 on commence la plomberie de la partie de charpente qui a été refaite

414 3753 2417 148 au dessus de la première travée du chœur, les maçons disposent l'échafaudage

414 3856 2405 140 pour le grattage et le rejointement de la face intérieure du transept Sud

410 3935 661 149 du coté de la nef.

311 4049 80 126 15

414 4034 2402 122 on poursuit activement la dépose de la facade du transept Sud ; on

410 4137 2406 121 commence à demonter la grande rose centrale. les charpentiers [opèrent] le

429 4228 2261 144 levage des fermes de la charpente neuve pour couvrir le transept Sud.
