2858 4559
414 516 61 110 1er

395 2515 76 129 16

406 3954 61 126 28

228 0 186 159 334

102 110 228 125 1860

497 144 2319 110 On a echafaudé le 1er étage à jour de la flèche pour la reprise des travaux

87 239 289 99 avril.

459 235 2349 110 de plomberie qui ont eté interrompus pendant l'hiver. - on pose les [cen?] en fer

497 345 2300 99 destinés à maintenir la rigidité des parties dormantes placées de chaque coté

494 421 915 126 des griles courantes du choeur.

49 554 243 103 Mai.

562 520 2246 114 les plombiers recommencent les travaux au 1er étage à jour de la flèche

501 611 2318 133 On poursuit le grattage et le rejointoyement des voutes de la galerie des

676 699 148 64 bas cotes

349 744 110 114 colonne

513 718 877 106 [triforium] de la nef nord.

402 832 57 94 3

528 816 2284 103 On continue la pose des planchers en fer et les chainages dans la galerie

463 896 2345 114 du triforium de la nef nord. On termine la construction des [??][??]

475 1002 1486 99 de la voute centrale au dessous de la flèche.

395 1105 72 103 5.

509 1109 2314 102 On poursuit le montage du grand echafaud devant la façade du

494 1200 2329 95 transept sud. On reprend par [??] des parements de mur formant

501 1291 2334 110 tapisserie dans les tympans de la porte centrale au dessous de la galerie des Rois.

399 1398 68 87 8

520 1379 2307 133 Suite des travaux des marbrerie du choeur et du grattage du gros pilier

505 1474 2314 117 On commence la sculpture dans les tympans des petites [??] des deux

509 1584 2291 99 gables au dessus des collateraux du choeur nord [??] sur le transept

399 1686 64 84 11

513 1702 2272 68 On commence la construction des voutes en petits intérieurs dans les

505 1766 2307 122 triangles formés pour les [??] et [??] de la voute centrale au

494 1850 2322 125 dessous de la flèche : on termine la pose des planchers en fer et [??]

475 1967 1945 111 de la galerie du triforium de 难 transept 难 la nef nord.

380 2062 102 130 14

513 2070 2284 95 On continue le montage du grand échaufaud devant la facade du

509 2161 2276 103 transept sud. - reprise par [??] des tapisseries au dessus de

516 2252 2292 95 la porte centrale de la façade ; continuations des travaux de plomberie de

509 2351 2303 107 la fleche (1er étage à jour) : on commence à [??] les planchers de la

524 2446 1323 103 galerie du triforium de la nef nord.

573 2518 2151 122 Suite des travaux de marbrerie du sanctuaire : on commence à tailler

532 2625 1869 114 les carreaux de marbre qui doivent former le dallage du choeur.

414 2720 53 121 17

566 2742 558 88 fete de l'ascension

380 2841 87 171 19

558 2830 2258 106 on poursuit la sculpture des tympans de la petite [??] aveugle qui d'难

516 2921 2296 110 les pages [??] l'entrée des deux collatéraux du choeur donnant sur le transept.

505 3016 2227 114 nord. On termine ceux des angles de la cloture du choeur donnant sur les bas cotes.

387 3103 80 103 21

528 3103 2291 107 On continue à [??] les barreaux de voute en petites antérieur entre les [??] [??]

478 3191 2334 144 Et [??] de la voute au dessous de la flèche ; on termine le grattage

475 3309 1615 106 du gros pilier à l'angle de la nef et du transept nord

387 3411 91 103 24

524 3388 2238 137 les travaux de plomberie du premier étage à jour de la flèche de

501 3487 2311 137 poussenent : on commence à garnir en plomb les [??] places de chaque cote

482 3594 1847 102 des quatre contrefiches d'angle de la flèche [??] [??]

402 3707 80 76 26

551 3677 2276 133 On poursuit le montage du grand échafaud qui doit servir à la reprise

490 3799 2284 110 de la facade du transsept sud : on continue à [??] le plancher en fer

501 3886 2064 103 qui vient d'être placé dans la galerie du triforium de la nef nord

558 3966 2231 102 on termine les reprises par [??] du [??] de murs formant

509 4061 2295 110 tapisserie au dessus de la porte centrale de la façade principale ainsi que

524 4175 2314 91 les travaux de reprises et grattage de voutes dans le 2ème bas coté de la nef nord

399 4258 83 95 30

547 4262 2272 103 难 commence la [dé??] de la portion de comble du choeur comprise
