2858 4559
83 37 209 118 1860

2671 0 156 18446744073709551605 341

22 129 403 133 Décembre

452 125 2041 137 des tympans au dessus de l’entrée des collatéraux du chœur Sud.

349 250 88 95 22

505 227 2246 118 On poursuit le montage et la pose des morceaux qui forment les

448 315 2352 133 compartiments de la grande rose du transept Sud, et la pose du massif

437 421 1896 118 en maconnerie de pierre et briques a l’entrée du chœur

326 512 107 114 26

456 505 2344 125 On continue le grattage et le rejointoiement des voutes à la galerie

452 600 2348 118 du triforium du chœur coté Sud : les marbriers commencent la taille

471 687 2329 156 et l’ajustement des dalles en pierre de Jura qui forment le caveau des

478 813 411 98 archevêques

364 911 80 91 28

471 877 2329 129 Les tailleurs de pierre commencent la taille des moulures sur les

475 972 2318 152 morceaux neufs qui ont eté replacés dans l’arcature à jour au dessous

440 1078 2296 141 de la grande rose du transept Sud : les travaux de plomberie se

444 1185 2159 125 poursuivent sur les grandes lucarnes du comble du même transept.

353 1287 84 126 31

478 1276 2315 125 Continuation du montage et de la pose des morceaux de la grande

486 1382 2318 122 rose : on coule les joints en plomb ; on poursuit également la reprise

467 1462 2337 137 par incrustement des meneaux de la chapelle de Noailles (coté du

482 1550 2322 136 chœur Nord. Reçu de la lettre écrite par le Préfet de la Seine a propos

421 1660 586 129 du mur du quai

1486 1740 851 125 le 31 décembre 1860

1698 1853 947 107 l’Inspecteur soussigné

1850 1945 791 140 Maurice Ouradou

60 2135 255 144 1861

1276 2127 514 129 Année 1861.

45 2237 251 114 Janvier

349 2260 72 87 2.

467 2226 2311 133 Reprise des travaux en cours d'exécution pour le montage et la pose

433 2317 1949 133 des morceaux de la grande rose du transept Sud etc

349 2435 84 137 3

490 2423 2295 118 Remis à Mr Duffuer le dessin des clefs en fer destinées a soulever les

444 2507 2379 141 dalles de fermeture du caveau des archevèques ainsi que celui des platines en

456 2606 2344 125 cuivre incrustées dessus : à MM Sauvage et Milon le dessin des

444 2705 2311 132 marches en pierre du Jura pour l'entrée du chœur lettre

459 2811 2330 118 ecrite à M Bella pour faire déplacer les bois rangés le long du parapet de

452 2906 1980 129 l'ancien quai de l'archeveché dont la chute parait imminente

323 3001 106 148 5

490 2993 2303 141 les ouvriers charpentiers continuent l'enlèvement des bois coupés sur le

459 3088 2349 141 quai pour les ranger du cote des grilles de la sacristie. les caves de la scristie

475 3202 2383 107 étant envahies par les eaux de la Seine, les charpentiers pratiquent un passage pour

475 3309 676 110 arriver au calorifere.

342 3396 95 152 7

486 3373 2333 145 Continuation des mêmes travaux d'où reviennent des bois sur la portion du quai

429 3483 2387 130 dont les crevasses augmentent de plus en plus. les travaux se poursuivent pour

471 3567 2341 133 le montage des morceaux de la grande rose. on continue également les

471 3662 2185 140 travaux de plomberie aux grandes lucarnes du comble transept Sud.

353 3764 80 171 9

478 3761 2269 129 Ce soir mercredi à 6 h la portion de l'ancien quai de l'archeveché qui

475 3852 2333 133 s'ecartait depuis longtems, s'ecroule dans le petit bras de la Seine. Cette

475 3951 2356 129 chute etant prévue depuis plusieurs jours on n'a eu à déplorer aucun

486 4046 1714 133 accident non plus que la perte d'aucuns matériaux.

315 4141 141 292 12

486 4137 2322 121 On a construit une barriere autour de la portion de quai écroulée. les

482 4232 2098 144 les travaux se poursuivent pour le montage des morceaux de la grande rose.
