2858 4559
2667 3 183 133 335

452 121 2360 137 entre la partie restaurée de la croupe et la 1ere ferme de la croisée, placée au

425 212 2421 126 dessus de l'arc doubleau formant l'entrée du chœur. Chainage de la clef

440 311 741 122 de la voute centrale

76 357 342 178 Juin - 2.

463 402 2391 129 On continue les travaux de plomberie du 1er etage à jour de la

444 509 1995 117 flèche : on garnit en plomb les colonnes et les balustrades.

349 607 69 111 5.

471 600 2284 118 On poursuit le montage du grand échafaud du transept Sud.

444 710 1596 110 à la hauteur de la rose du pignon supérieur.

342 782 79 190 9.

459 790 2387 118 Continuation des travaux de marbrerie du sanctuaire derrière l'autel.

410 881 2409 137 on commence à poser les grandes bandes de marbre languedoc formant les

418 972 1216 137 compartiments de dallage du chœur.

323 1090 87 106 11

452 1078 2398 118 Suite des travaux de sculpture dans les tympans qui surmontent

448 1170 2402 129 les arcs ogives des deux collatéraux du chœur donnant sur le transept

440 1276 244 114 Nord.

349 1375 65 129 13

448 1356 2394 129 la construction des berceaux de la voute centrale se poursuit ; on a terminé

429 1458 2349 137 le montage du grand échafaud : on commence à garnir en plomb le

421 1557 2345 126 soubassement de la flèche, ainsi que la portion de comble du chœur

406 1656 2391 114 formant pénétration dans le soubassement, et celui du comble de la nef.

60 1755 346 193 Juin 14

475 1743 2303 133 à 10h. précises. Te Deum chanté dans la Cathédrale à l'occasion

410 1842 2432 144 de l'annexion de Nice et de la Savoie. Les gr-° dignitaires, les

444 1956 2387 118 corps de l'Etat, les députations etc assistent à la cérémonie celebrée

437 2043 1429 133 par le Cardinal archeveque de Paris. _

342 2146 64 114 16

437 2138 2363 118 les travaux de marbrerie pour le dallage se poursuivent dans le

418 2237 2428 118 chœur et dans le sanctuaire, ainsi que les travaux de plomberie du 1er etage

452 2328 1915 126 à jour de la flèche et des combles de la nef et du chœur.

349 2420 57 205 19

456 2427 2325 122 on dépose la rose supérieure du pignon du transept Sud. on continue les

448 2526 1570 103 travaux de plomberie au soubassement de la flèche.

345 2636 65 114 22

463 2617 2235 110 on poursuit les travaux de dallage du chœur, et la sculpture des

456 2705 2151 125 tympans des petites arcatures au dessus des collatéraux du chœur Nord.

334 2834 76 102 24

444 2811 2353 129 on commence le ravalement de la grande voute centrale au dessus de la

429 2906 2368 118 flèche, et les raccordements de charpente des combles qui ont été découverts pour

444 3001 768 118 la construction de la flèche.

330 3100 84 114 28

437 3100 2322 121 on poursuit les travaux de plomberie au 1er etage à jour de la flèche, sur les

448 3183 2273 141 faces du soubassement et les noues formeés par l'intersection des combles. les

440 3309 1847 91 colonnes, balustrades et ouvertures à jour des pignons sont terminées.

53 3369 342 145 Juillet 1

456 3388 2394 133 les travaux se poursuivent de même. on commence à poser les carreaux de marbre

444 3487 2368 126 qui forment les compartiments du dallage du chœur. ravalt de la voute centrale.

334 3571 72 133 4.

448 3575 2402 113 on continue le raccordement de la charpente du comble au dessus du chœur

444 3677 2402 110 on dépose une partie de l'ancienne charpente au dessus de la nef près de la flèche.

342 3780 64 148 7

459 3768 2387 133 on a descendu les morceaux qui formaient la rose du pignon supérieur du transept

418 3867 2428 129 Sud. on reprend par incrustement les faces des deux contreforts qui flanquent la

429 3954 2356 130 porte centrale de la façade. ravalement et jointoiement de la voute centrale.

345 4061 65 163 9

429 4057 2421 118 Continuation des travaux de plomberie de la flèche, du soubassement et des noues.

444 4144 2391 145 on termine la sculpture des tympans placés au dessus des arcs ogives des collatéraux

440 4243 1361 137 du chœur nord ouvrant sur le transept.
