2858 4559
117 18 225 107 1860

361 11 121 133 340

22 117 426 148 Novembre

486 106 2284 129 21 - On met en place les colonnes en fonte derrière les meneaux

467 212 2330 129 de la galerie à jour au dessous de la grande rose du transept Sud, on

505 307 2284 133 poursuit la dépose du grand échafaudage intérieur placé sous la voute

501 402 1178 129 centrale et les deux bras de la croix.

372 509 114 110 24

543 497 2269 122 On poursuit les travaux de plomberie Sur les parties du grand comble

509 596 2307 125 qui ont eté refaites, sur les premières travées du comble du transept Sud et les

494 691 2329 118 lucarnes. On a terminé la pose de la crete en plomb sur le comble du chœur. on

497 790 2326 121 commence à poser les fourchettes en fer destinées à recevoir celle du coté de la nef.

361 877 110 110 26

513 873 2306 133 On termine la dépose du grand échafaud intérieur de la voute centrale ;

513 980 2314 121 et la pose des verrières en grisailles de Mr Steinheil & Petit Gérard dans

497 1078 1958 126 la partie circulaire de la galerie du triforium du chœur.

395 1177 80 122 28

516 1162 2311 148 On replace les grandes dalles formant parpaing et recouvrant la galerie

505 1268 2318 137 à jour placée au dessous de la grande rose du transept Sud. les dalles formant

501 1386 2345 107 plafond reposent sur les arcatures intérieure et extérieure ainsi que sur les colonnes

494 1458 1961 118 en fonte placées précédemment et reliées par un chainage en fer.

34 1500 437 209 Décembre 1er.

520 1553 2292 114 On commence la pose des petits autels en pierre dans les chapelles

497 1648 2296 130 des bas cotés de la nef Nord, ainsi que les marches en pierre du Jura : on

490 1747 2318 122 poursuit les raccords de dallage dans les bas cotés du chœur Nord & Sud.

399 1842 60 137 4

513 1846 2280 125 Continuation des travaux de sculpture des crochets qui décorent les

497 1941 2262 133 gables placés au dessus des arcs ogives des collatéraux du chœur Sud. On

509 2040 2276 121 continue également le grattage et le rejointoiement des voutes de la galerie

494 2135 2284 121 du triforium du chœur : la pose des vitraux de MM Steinheil &

497 2226 2292 118 Petit Gérard est terminée. Conton des reprises de meneaux à la chaplle de Noailles.

399 2306 68 133 6

497 2325 2300 106 On a terminé la pose des grandes dalles formant plafond de la galerie

501 2408 2311 133 a jour du transept Sud; ainsi que du chainage au dessus : on commence

490 2507 2318 129 à poser la 1ere assise au dessus, formant la partie inférieure de la grande rose.

391 2598 72 118 8.

513 2602 2227 118 On poursuit les travaux de plomberie sur les combles de la nef et du

505 2693 2295 122 transept Sud, ainsi que sur les grandes contrefiches de la flèche : on commence

497 2799 2284 122 la plomberie des grandes lucarnes du comble du transept Sud : on a posé

505 2894 1699 133 également les fourchettes en fer sur cette partie de comble.

402 3001 69 205 11

509 2993 2291 129 On continue la pose des premiers morceaux de la partie inférieure de la

509 3084 2291 133 grande rose du transept Sud, celle des petits autels dans les chapelles

494 3183 2291 110 des bas cotés de la nef Nord, et la sculpture au dessus des collatéraux du

516 3271 1274 121 chœur Sud donnant sur le transept.

376 3377 91 137 14

520 3381 2299 121 On commence à poser le massif en pierres et briques qui doit supporter

520 3468 2273 114 les ambons à l’entrée du chœur. Continuation des travaux de reprises

490 3567 1421 121 de dallage dans les bas cotés du chœur.

391 3677 80 148 17

547 3662 2269 118 On poursuit le montage et la pose des morceaux (Luversine) qui

513 3757 2306 144 forment les compartiments de la grande rose de la facade du transept

494 3856 2325 110 Sud. On continue à poser par incrustement les meneaux aveugles à la

535 3943 1414 137 chapelle de Noailles (coté Nord chœur. )

353 4053 118 209 19

532 4030 2276 141 Les travaux de plomberie se poursuivent sur les portions du grand

505 4141 2284 106 comble qui ont eté refaites ainsi que sur les grandes lucarnes des faces

520 4239 2292 133 Est et Ouest du comble du transept Sud ; on termine la sculpture
